% http://perso.ens-lyon.fr/thierry.dauxois/PAPERS/

@ARTICLE{1960SpiegelVeronisOnBoussinesq,
   author = {{Spiegel}, E.~A. and {Veronis}, G.},
    title = "{On the Boussinesq Approximation for a Compressible Fluid.}",
  journal = {The Astrophysical Journal},
     year = 1960,
    month = mar,
   volume = 131,
    pages = {442},
   adsurl = {http://adsabs.harvard.edu/abs/1960ApJ...131..442S},
  adsnote = {Provided by the SAO/NASA Astrophysics Data System}
}

@ARTICLE{1966MunkAbyssalRecipes,
   author = {{Munk}, W.},
     year = 1966,
    title = "{Abyssal recipes}",
  journal = {Deep-Sea Res.},
    pages = {707-730},
   volume = 13,
      doi = {10.1016/0011-7471(66)90602-4},
   adsurl = {https://doi.org/10.1016/0011-7471(66)90602-4}
}

@ARTICLE{1966ThorpeJFM,
   author = {{Thorpe}, S.~A.},
    title = "{On wave interactions in a stratified fluid}",
  journal = {Journal of Fluid Mechanics},
     year = 1966,
   volume = 24,
    pages = {737-751},
      doi = {10.1017/S002211206600096X},
   adsurl = {http://adsabs.harvard.edu/abs/1966JFM....24..737T},
  adsnote = {Provided by the SAO/NASA Astrophysics Data System}
}

@article{1969AldridgeToomreAxisymmetrInertOscill, 
  title={Axisymmetric inertial oscillations of a fluid in a rotating spherical container}, 
  volume={37}, 
  DOI={10.1017/S0022112069000565}, 
  number={2}, 
  journal={Journal of Fluid Mechanics}, 
  publisher={Cambridge University Press}, 
  author={Aldridge, Keith D. and Toomre, Alar}, 
  year={1969}, 
  pages={307–323}
}

@article {1970BeardsleyInertialWavesClosedCone,
author = {Beardsley, R. C.},
title = {An Experimental Study of Inertial Waves in a Closed Cone},
journal = {Studies in Applied Mathematics},
volume = {49},
number = {2},
issn = {1467-9590},
url = {http://dx.doi.org/10.1002/sapm1970492187},
doi = {10.1002/sapm1970492187},
pages = {187--196},
year = {1970},
}

@book{1973Turner , 
  place={Cambridge}, 
  series={Cambridge Monographs on Mechanics}, 
  title={Buoyancy Effects in Fluids}, 
  DOI={10.1017/CBO9780511608827}, 
  publisher={Cambridge University Press}, 
  author={Turner, J. S.}, 
  year={1973}, 
  collection={Cambridge Monographs on Mechanics}
}

@book{1973Ingersoll,
  author =      {Ingersoll, Andrew P. and Thayer, Mary C.},
  title =       {Notes on the 1973 Summer Study Program in Geophysical Fluid Dynamics at the Woods Hole Oceanographic Institution},
  journal =     {Woods Hole Summer Program Notes},
  year =        1973,
  volume =      {WHOI-73--41},
  pages =       {},
  annote =      {}
}

@book{1986GabovSveshnikov,
  author =      {Gabov, S. A. and Sveshnikov, A. G.},
  title =       {Problems of the Dynamics of Stratified Fluids},
  PUBLISHER =   {Nauka, Moscow},
  journal =     {Woods Hole Summer Program Notes},
  year =        1986
}

@book{1988TrittonPhysical,
title={Physical fluid dynamics},
author={Tritton, D.J.},
isbn={9780317642377},
series={Oxford science publications},
url={https://books.google.ru/books?id=bAistgEACAAJ},
year={1988},
publisher={Clarendon Press}
}

@article{1995MorozovSemidiurnalIWfield,
title = "Semidiurnal internal wave global field",
journal = "Deep Sea Research Part I: Oceanographic Research Papers",
volume = "42",
number = "1",
pages = "135 - 148",
year = "1995",
issn = "0967-0637",
doi = "https://doi.org/10.1016/0967-0637(95)92886-C",
url = "http://www.sciencedirect.com/science/article/pii/096706379592886C",
author = "Eugene G. Morozov",
abstract = "Estimates were made for semidiurnal internal wave generation over subsurface ridges based on Baines(Deep-Sea Research, 29, 307–338, 1982) linear model of internal wave generation. Flux was estimated from current measurements and numerical models of the global barotropic tidal field. Energy fluxes from the underwater ridges greatly exceed the fluxes from the continental slopes because the dominating part of tidal flow is directed parallel to the coast line. They account for about one-fourth of the total energy loss from the barotropic tides. The subsurface ridges, if normal to the tidal flow, form an obstacle that can cause the generation of large internal waves. The generated semidiurnal internal waves may be extreme when the depths of the ridge crest are comparatively small with respect to the surrounding depths. Energy fluxes from most subsurface ridges were estimated. The decay of the internal tide during propagation was estimated from measurements with buoy arrays located normal to the ridges. Measurements were made on clusters and arrays of moored buoys in more than 30 areas of the ocean. Combined calculations and measurements result in a map of the global internal wave energy distribution and their amplitudes. Extreme amplitudes are registered near the Mascaren ridge in the Indian Ocean and the Great Meteor bank in Atlantic."
}

@ARTICLE{1995MaasLam,
   author = {{Maas}, L.~R.~M. and {Lam}, F.-P.~A.},
    title = "{Geometric focusing of internal waves}",
  journal = {Journal of Fluid Mechanics},
     year = 1995,
   volume = 300,
    pages = {1-41},
      doi = {10.1017/S0022112095003582},
   adsurl = {http://adsabs.harvard.edu/abs/1995JFM...300....1M},
  adsnote = {Provided by the SAO/NASA Astrophysics Data System}
}

@ARTICLE{1997MaasBenielliSommeriaLam,
   author = {{Maas}, L.~R.~M. and {Benielli}, D. and {Sommeria}, J. and {Lam}, F.-P.~A.
	},
    title = "{Observation of an internal wave attractor in a confined, stably stratified fluid}",
  journal = {Nature},
     year = 1997,
    month = aug,
   volume = 388,
    pages = {557-561},
      doi = {10.1038/41509},
   adsurl = {http://adsabs.harvard.edu/abs/1997Natur.388..557M},
  adsnote = {Provided by the SAO/NASA Astrophysics Data System}
}
%
%\bibitem[Fischer (1997)] {Fischer1997}
%{\sc Fischer, P.} 1997.  %{An overlapping Schwarz method for spectral element solution of the incompressible Navier-Stokes equations.}
%{\it Journal of Comp. Physics} {\bf 133}, 84-101.
%
@article{1997FischerOverlappingSchwarz,
title = "An Overlapping Schwarz Method for Spectral Element Solution of the Incompressible Navier–Stokes Equations",
journal = "Journal of Computational Physics",
volume = "133",
number = "1",
pages = "84 - 101",
year = "1997",
issn = "0021-9991",
doi = "https://doi.org/10.1006/jcph.1997.5651",
url = "http://www.sciencedirect.com/science/article/pii/S0021999197956515",
author = "Paul F Fischer"
}

@ARTICLE{1998MunkWunsch,
   author = {{Munk}, W. and {Wunsch}, C.},
     year = 1998,
    title = "{Abyssal recipes II: energetics of tidal and wind mixing}",
  journal = {Deep-Sea Res.},
    pages = {1977--2010},
   volume = 45
}

%
%\bibitem[Webb \& Suginohara (2001)]{WebbSuginohara2001}
%{\sc Webb, D.J.  \& Suginohara, N.} 2001.
%%{Oceanography:  Vertical mixing in the ocean}.
%{\it Nature} {\bf 409}, 37.
%

@article{2001MaasWavefocusing, 
  title={Wave focusing and ensuing mean flow due to symmetry breaking in rotating fluids}, volume={437}, DOI={10.1017/S0022112001004074}, journal={Journal of Fluid Mechanics}, publisher={Cambridge University Press}, 
author={Maas, Leo R. M.}, 
year={2001}, 
pages={13–28}}


@ARTICLE{2001WebbSuginohara,
   author = {{Webb}, D.J. and {Suginohara}, N.},
     year = 2001,
    title = "{Oceanography:  Vertical mixing in the ocean}",
  journal = {Nature},
    pages = {37},
   volume = 409
}

@article{2003MandersMaas,
    title={Observations of inertial waves in a rectangular basin with one sloping boundary},
      author={Manders, Astrid and Maas, Leo},
        journal={Journal of Fluid Mechanics},
	  volume={493},
	    pages={59--88},
	      year={2003},
	        publisher={Cambridge University Press}
}

@ARTICLE{2003DevilleFischerMundGartling,
   author = {{Deville}, M. and {Fischer}, P. and {Mund}, E. and {Gartling}, D.
	},
    title = "{High-Order Methods for Incompressible Fluid Flow}",
  journal = {Applied Mechanics Reviews},
     year = 2003,
   volume = 56,
    pages = {B43},
      doi = {10.1115/1.1566402},
   adsurl = {http://adsabs.harvard.edu/abs/2003ApMRv..56B..43D},
  adsnote = {Provided by the SAO/NASA Astrophysics Data System}
}

  	
@article{2004MandersMaas3DinertField,
    author={Astrid M M Manders and Leo R M Maas},
    title={On the three-dimensional structure of the inertial wave field in a rectangular basin with one sloping boundary},
    journal={Fluid Dynamics Research},
    volume={35},
    number={1},
    pages={1},
    url={http://stacks.iop.org/1873-7005/35/i=1/a=A02},
    year={2004},
    abstract={Inertial waves propagate obliquely through a rotating fluid with an angle with respect to the rotation axis that is determined by the ratio of wave frequency and rotation frequency. This constraint leads to wave focusing or defocusing upon reflection at a sloping wall. In an enclosed basin repeated reflection may lead to standing waves or wave attractors: limit cycles to which all energy converges. In a two-dimensional setting (including the rotation-axis), wave patterns can be predicted mathematically; in three dimensions this is not generally possible, but ray-tracing indicated that attractors can still be found due to refractive trapping in the along-channel direction. Two wave attractors and a standing wave were investigated experimentally in a rectangular basin with a sloping wall, using particle image velocimetry. Wave attractors and a standing wave were indeed observed, with inhomogeneous energy and phase distribution in the along-channel direction, different for the different attractors and the standing wave. This behaviour can be partly understood using ray-tracing. Scale estimates revealed that the width of the attractor is limited by nonlinear advection.}
}
	
@inproceedings{2005Munk9IW,
  title={9 Internal Waves and Small-Scale Processes},
  author={Walter H. Munk},
  year={2005}
}

@article{2005Ogilvie,
    title={Wave attractors and the asymptotic dissipation rate of tidal disturbances},
    author={Ogilvie, Gordon I},
    journal={Journal of Fluid Mechanics},
    volume={543},
    pages={19--44},
    year={2005},
    publisher={Cambridge University Press}
}

@article{2005MaasWaveAttractorsLinNonlin,
author = {Maas, Leo R. M.},
title = {Wave attractors: linear yet nonlinear},
journal = {International Journal of Bifurcation and Chaos},
volume = {15},
number = {09},
pages = {2757-2782},
year = {2005},
doi = {10.1142/S0218127405013733},
URL = {http://www.worldscientific.com/doi/abs/10.1142/S0218127405013733},
eprint = {http://www.worldscientific.com/doi/pdf/10.1142/S0218127405013733}
}

@article{2007DrijfhoutMaas,
    title={Impact of channel geometry and rotation on the trapping of internal tides},
      author={Drijfhout, Sybren and Maas, Leo},
        journal={Journal of physical oceanography},
	  volume={37},
	    number={11},
	      pages={2740--2763},
	        year={2007}
}

@incollection{2007TilgnerRotatDynOfTheCore,
  title = "8.07 - Rotational Dynamics of the Core ",
  editor = "Schubert, Gerald ",
  booktitle = "Treatise on Geophysics ",
  publisher = "Elsevier",
  edition = "",
  address = "Amsterdam",
  year = "2007",
  pages = "207 - 243",
  isbn = "978-0-444-52748-6",
  doi = "https://doi.org/10.1016/B978-044452748-6.00129-2",
  url = "https://www.sciencedirect.com/science/article/pii/B9780444527486001292",
  author = "A. Tilgner",
  keywords = "Core",
  keywords = "Dynamo theory",
  keywords = "Precession",
  keywords = "Tides "
}


@ARTICLE{2007GarrettKunze,
   author = {{Garrett}, C. and {Kunze}, E.},
     year = 2007,
    title = "{Internal tide generation in deep ocean.}",
  journal = {Annu. Rev. Fluid Mech.},
    pages = {57--87},
   volume = 39
}

@ARTICLE{2007HarlanderMaas,
   author = {{Harlander}, U. and {Maas}, L.~R.~M.},
    title = "{Internal boundary layers in a well-mixed equatorial atmosphere/ocean}",
  journal = {Dynamics of Atmospheres and Oceans},
     year = 2007,
    month = sep,
   volume = 44,
    pages = {1-28},
      doi = {10.1016/j.dynatmoce.2007.05.001},
   adsurl = {http://adsabs.harvard.edu/abs/2007DyAtO..44....1H},
  adsnote = {Provided by the SAO/NASA Astrophysics Data System}
}


%\bibitem[Marshall \&  Speer (2012)] {MarshalSpeer2012}
%{\sc Marshall, J. \& Speer, K.} 2012
% %{Closure of the meridional overturning circulation through Southern Ocean upwelling.}
% {\it Nature Geoscience} {\bf 5}, 171--180.

@ARTICLE{2012MarshalSpeer,
   author = {{Marshal}, J. and {Speer}, K.},
     year = 2012,
    title = "{Closure of the meridional overturning circulation through Southern Ocean upwelling.}",
  journal = {Nature Geoscience},
    pages = {171--180},
   volume = 5
}

@article {2008GerkemaZimmermanMaasHaren,
author = {Gerkema, T. and Zimmerman, J. T. F. and Maas, L. R. M. and van Haren, H.},
title = {Geophysical and astrophysical fluid dynamics beyond the traditional approximation},
journal = {Reviews of Geophysics},
volume = {46},
number = {2},
issn = {1944-9208},
url = {http://dx.doi.org/10.1029/2006RG000220},
doi = {10.1029/2006RG000220},
keywords = {Equatorial oceanography, Numerical modeling, Coriolis effects, Internal and inertial waves, Tidal forces, Coriolis force, Traditional Approximation, Geophysical Fluid Dynamics, Astrophysical Fluid Dynamics},
year = {2008},
note = {RG2004},
}

@ARTICLE{Fischeretal,
   author = {{Fischer}, P. and Lottes, J. and Pointer, D. and Siegel, A.  },
    title = "{Petascale algorithms for reactor hydrodynamics.}",
  journal = {Journal of Physics: Conference Series},
     year = 2008,
   volume = 125,
    pages = {012076}
}

@ARTICLE{2008GrisouardStaquetPairaud,
   author = {{Grisouard}, N. and {Staquet}, C. and {Pairaud}, I.},
    title = "{Numerical simulation of a two-dimensional internal wave attractor}",
  journal = {Journal of Fluid Mechanics},
     year = 2008,
    month = oct,
   volume = 614,
    pages = {1},
      doi = {10.1017/S002211200800325X},
   adsurl = {http://adsabs.harvard.edu/abs/2008JFM...614....1G},
  adsnote = {Provided by the SAO/NASA Astrophysics Data System}
}

@INPROCEEDINGS{2008MercierGarnierDauxois,
   author = {{Mercier}, M. and {Garnier}, N. and {Dauxois}, T.},
    title = "{Analyzing emission, reflection and diffraction of internal waves using the Hilbert transform}",
booktitle = {APS Division of Fluid Dynamics Meeting Abstracts},
     year = 2008,
    month = nov,
    pages = {G2},
   adsurl = {http://adsabs.harvard.edu/abs/2008APS..DFD.GH002M},
  adsnote = {Provided by the SAO/NASA Astrophysics Data System}
}


@article{2008LagrangeEloyNadalMeunier,
  author = {Romain Lagrange and Christophe Eloy and François Nadal and Patrice Meunier},
  title = {Instability of a fluid inside a precessing cylinder},
  journal = {Physics of Fluids},
  volume = {20},
  number = {8},
  pages = {081701},
  year = {2008},
  doi = {10.1063/1.2963969},

  URL = { 
            https://doi.org/10.1063/1.2963969
        
  },
  eprint = { 
            https://doi.org/10.1063/1.2963969
        
  }

}

@ARTICLE{2008MercierGarnierDauxoisPhFl,
   author = {{Mercier}, M.~J. and {Garnier}, N.~B. and {Dauxois}, T.},
    title = "{Reflection and diffraction of internal waves analyzed with the Hilbert transform}",
  journal = {Physics of Fluids},
archivePrefix = "arXiv",
   eprint = {0807.1225},
 primaryClass = "physics.flu-dyn",
 keywords = {Hydrodynamic waves, Stratified flows, Integral transforms},
     year = 2008,
    month = aug,
   volume = 20,
   number = 8,
    pages = {086601},
      doi = {10.1063/1.2963136},
   adsurl = {http://adsabs.harvard.edu/abs/2008PhFl...20h6601M},
  adsnote = {Provided by the SAO/NASA Astrophysics Data System}
}


@inbook{2014SutherlandDuaxoisPeacockIWinLE,
author = {Sutherland, Bruce and Dauxois, Thierry and Peacock, Thomas},
publisher = {American Geophysical Union (AGU)},
isbn = {9781118856024},
title = {Internal Waves in Laboratory Experiments},
booktitle = {Modeling Atmospheric and Oceanic Flows},
chapter = {10},
pages = {193-212},
doi = {https://doi.org/10.1002/9781118856024.ch10},
url = {https://agupubs.onlinelibrary.wiley.com/doi/abs/10.1002/9781118856024.ch10},
eprint = {https://agupubs.onlinelibrary.wiley.com/doi/pdf/10.1002/9781118856024.ch10},
year = {2014},
keywords = {internal waves, non-spanwise-uniform disturbances, particle image velocimetry (PIV), spanwise-uniform disturbances, synthetic schlieren},
abstract = {Summary This chapter focuses mostly upon the use of synthetic schlieren to measure perturbation density gradients due to internal waves in continuously stratified media. When used to examine spanwise-uniform and axisymmetric disturbances, it has provided a useful check on the limitations of linear, inviscid theory. The chapter reviews an analysis method for separating out waves propagating in different directions, and describes a recently developed mechanism for generating waves that does not suffer some of the drawbacks of oscillating or towed rigid objects. It briefly discusses how synthetic schlieren visualizes disturbances in a fluid through contrasting snapshots taken by a digital camera looking through the fluid at a black-and-white image of lines or dots. The chapter describes the treatment of axisymmetric and fully three-dimensional disturbances. Finally, other advances in generating internal waves and analyzing them using particle image velocimetry (PIV) are described.}
}

@article{2014LinNoirJackson,
author = {Yufeng Lin and Jerome Noir and Andrew Jackson},
title = {Experimental study of fluid flows in a precessing cylindrical annulus},
journal = {Physics of Fluids},
volume = {26},
number = {4},
pages = {046604},
year = {2014},
doi = {10.1063/1.4871026},

URL = { 
        https://doi.org/10.1063/1.4871026
    
},
eprint = { 
        https://doi.org/10.1063/1.4871026
    
}

}

@article{2014CuiZhangLiaoCompleletneesInertalWave,
author = {Zhen Cui and Keke Zhang and Xinhao Liao},
title = {On the completeness of inertial wave modes in rotating annular channels},
journal = {Geophysical \& Astrophysical Fluid Dynamics},
volume = {108},
number = {1},
pages = {44-59},
year  = {2014},
publisher = {Taylor & Francis},
doi = {10.1080/03091929.2013.821117},

URL = { 
        http://dx.doi.org/10.1080/03091929.2013.821117
    
},
eprint = { 
        http://dx.doi.org/10.1080/03091929.2013.821117
    
}

}


  	
@article{2014BorciaAbouzarHarlanderPariallyLibrBoundaries,
  author={Ion Dan Borcia and Ghasemi V Abouzar and U Harlander},
  title={Inertial wave mode excitation in a rotating annulus with partially librating boundaries},
  journal={Fluid Dynamics Research},
  volume={46},
  number={4},
  pages={041423},
  url={http://stacks.iop.org/1873-7005/46/i=4/a=041423},
  year={2014},
  abstract={Inertial modes are excited in a fluid filled rotating annulus by modulating the rotation rate of the outer cylinder and the upper and lower lids. This forcing leads to inertial wave beams being emitted from the corner regions of the annulus due to periodic motions in the boundary layers. When the forcing frequency matches the eigenfrequency of the rotating annulus the beam pattern amplitude is increasing, the beams broaden and mode structures can be observed. The eigenmodes are compared with analytical solutions of the corresponding inviscid problem. In particular for the pressure field a good agreement can be found. However, shear layers related to the excited wave beams are present for all frequencies. This becomes obvious particularly in the experimental visualizations that are carried out by using Kalliroscope particles, highlighting relative motion in the fluid. Comparing the eigenfrequencies we find that relative to the analytical frequencies, the experimental and numerical ones show a small shift towards higher frequencies. This frequency shift is due to the reduction of the effective resonance volume that results from the existence of a Stokes boundary layer at the outer librating wall. Due to the symmetry of the forcing not all possible modes can be excited. It is shown that only symmetric modes with respect to the rotation axis exist. From a fundamental perspective, the study might help to better understand inertial mode excitation in librating planets and moons where inertial waves are emitted from critical points on the inner or outer spherical boundary.}
}



@ARTICLE{2009MathurMercierDauxoisPeacock,
   author = {{Mathur}, M. and {Mercier}, M. and {Dauxois}, T. and {Peacock}, T.
	},
    title = "{New (Internal) Wave Generation - Laboratory Experiments}",
  journal = {ArXiv e-prints},
archivePrefix = "arXiv",
   eprint = {0910.3438},
 primaryClass = "physics.flu-dyn",
 keywords = {Physics - Fluid Dynamics},
     year = 2009,
    month = oct,
   adsurl = {http://adsabs.harvard.edu/abs/2009arXiv0910.3438M},
  adsnote = {Provided by the SAO/NASA Astrophysics Data System}
}
	
@INPROCEEDINGS{2009MercierPeacockDauxois,
   author = {{Mercier}, M. and {Peacock}, T. and {Dauxois}, T.},
    title = "{Experimental Study of Internal-Tide Scattering by 2D Topography}",
booktitle = {EGU General Assembly Conference Abstracts},
     year = 2009,
   series = {EGU General Assembly Conference Abstracts},
   volume = 11,
   editor = {{Arabelos}, D.~N. and {Tscherning}, C.~C.},
    month = apr,
    pages = {6213},
   adsurl = {http://adsabs.harvard.edu/abs/2009EGUGA..11.6213M},
  adsnote = {Provided by the SAO/NASA Astrophysics Data System}
}
%
%\bibitem[Hazewinkel, van Breevoort, Dalziel \& Maas (2008)] {HBDM2008}
%{\sc Hazewinkel, J., van Breevoort, P., Dalziel, S. \& Maas, L.R.M.} 2008.  %{Observations on the wavenumber spectrum and evolution of an internal wave attractor.}
% {\it J. Fluid Mech.} {\bf 598}, 373--382.
%
%2008HazewinkelBreevoortDalzielMaas
@ARTICLE{2008HazewinkelBreevoortDalzielMaas,
   author = {{Hazewinkel}, J. and van Breevoort, P. and Dalziel, S. and Maas, L.R.M.},
    title = "{Observations on the wavenumber spectrum and evolution of an internal wave attractor.}",
  journal = {Journal of Fluid Mechanics},
     year = 2008,
   volume = 598,
    pages = {373-382},
}

@article{2011HazewinkelMaasDalziel,
    title={Tomographic reconstruction of internal wave patterns in a paraboloid},
      author={Hazewinkel, Jeroen and Maas, Leo  and Dalziel, Stuart B},
        journal={Experiments in fluids},
	  volume={50},
	    number={2},
	      pages={247--258},
	        year={2011},
		  publisher={Springer}
}
%
@ARTICLE{2011HazewinkelGrisouardDalziel,
   author = {{Hazewinkel}, J. and {Grisouard}, N. and {Dalziel}, S.~B.},
    title = "{Comparison of laboratory and numerically observed scalar fields of an internal wave attractor}",
  journal = {European Journal of Mechanics B Fluids},
     year = 2011,
    month = jan,
   volume = 30,
    pages = {51-56},
      doi = {10.1016/j.euromechflu.2010.06.007},
   adsurl = {http://adsabs.harvard.edu/abs/2011EJMF...30...51H},
  adsnote = {Provided by the SAO/NASA Astrophysics Data System}
}

@PROCEEDINGS{2011Nazarenko,
      title = "{Wave Turbulence}",
      booktitle = {Lecture Notes in Physics, Berlin Springer Verlag},
      year = 2011,
      series = {Lecture Notes in Physics, Berlin Springer Verlag},
      volume = 825,
      editor = {{Nazarenko}, S.},
      adsurl = {http://adsabs.harvard.edu/abs/2011LNP...825.....N},
      adsnote = {Provided by the SAO/NASA Astrophysics Data System}
}

%
%\bibitem[Nikurashin \&  Vallis (2012)] {NikurashinVallis2012}
%{\sc Nikurashin, M. \& Vallis, G.} 2012
% %{A theory of the interhemispheric meridional overturning circulation and associated stratification.}
% {\it J. Phys. Oceanogr.
%} {\bf 42}, 1652--1667.
%

@ARTICLE{2012NikurashinVallis,
   author = {{Nikurashin}, M. and {Vallis}, G.},
    title = "{A theory of the interhemispheric meridional overturning circulation and associated stratification.}",
  journal = {J. Phys. Oceanogr.},
     year = 2012,
   volume = 42,
    pages = {1652-1667},
}
%
	
@Article{2013BorciaHarlander,
    author="Borcia, Ion Dan and Harlander, Uwe",
    title="Inertial waves in a rotating annulus with inclined inner cylinder: comparing the spectrum of wave attractor frequency bands and the eigenspectrum in the limit of zero inclination",
    journal="Theoretical and Computational Fluid Dynamics",
    year="2013",
    month="Jun",
    day="01",
    volume="27",
    number="3",
    pages="397--413",
}

@ARTICLE{2013ScolanErmanyukDauxois,
   author = {{Scolan}, H. and {Ermanyuk}, E. and {Dauxois}, T.},
    title = "{Nonlinear Fate of Internal Wave Attractors}",
  journal = {Physical Review Letters},
archivePrefix = "arXiv",
   eprint = {1305.2691},
 primaryClass = "nlin.PS",
 keywords = {Gravity waves, Flow instabilities, Stratified flows, Analytical modeling and laboratory experiments},
     year = 2013,
    month = jun,
   volume = 110,
   number = 23,
      eid = {234501},
    pages = {234501},
      doi = {10.1103/PhysRevLett.110.234501},
   adsurl = {http://adsabs.harvard.edu/abs/2013PhRvL.110w4501S},
  adsnote = {Provided by the SAO/NASA Astrophysics Data System}
}
@article{2014KleinSeeligKurganskyGhasemiBorciaWillSchallerEgbersHarlander,
  title={Inertial wave excitation and focusing in a liquid bounded by a frustum and a cylinder}, 
  volume={751}, DOI={10.1017/jfm.2014.304}, journal={Journal of Fluid Mechanics}, publisher={Cambridge University Press}, 
  author={Klein, Marten and Seelig, Torsten and Kurgansky, Michael V. and Ghasemi V., Abouzar and Borcia, Ion Dan and Will, Andreas and Schaller, Eberhard and Egbers, Christoph and Harlander, Uwe}, year={2014}, pages={255–297}}

@INPROCEEDINGS{2014KleinGhasemiHarlanderWillInertWaveExcitAnnularTankDNS,
   author = {{Klein}, M. and {Ghasemi}, A. and {Harlander}, U. and {Will}, A.
	},
    title = "{Inertial Wave Excitation and Wave Attractors in an Annular Tank: DNS}",
booktitle = {EGU General Assembly Conference Abstracts},
     year = 2014,
   series = {EGU General Assembly Conference Abstracts},
   volume = 16,
    month = may,
      eid = {15585},
    pages = {15585},
   adsurl = {http://adsabs.harvard.edu/abs/2014EGUGA..1615585K},
  adsnote = {Provided by the SAO/NASA Astrophysics Data System}
}

@article{2014BorciaAbouzarHarlander,
   title={Inertial wave mode excitation in a rotating annulus with partially librating boundaries},
   author={Borcia, Ion Dan and Abouzar, Ghasemi V and Harlander, U},
   journal={Fluid Dynamics Research},
   volume={46},
   number={4},
   pages={041423},
   year={2014},
   publisher={IOP Publishing}
}

@ARTICLE{2015WintersTidallyForced,
author = {{Winters}, K.~B.},
title = "{Tidally-forced flow in a rotating, stratified, shoaling basin}",
journal = {Ocean Modelling},
keywords = {Internal tide, Cyclonic jet, Baroclinic instability, Poleward eastern boundary currents},
year = 2015,
month = jun,
volume = 90,
pages = {72-81},
doi = {10.1016/j.ocemod.2015.04.004},
adsurl = {http://adsabs.harvard.edu/abs/2015OcMod..90...72W},
adsnote = {Provided by the SAO/NASA Astrophysics Data System}
}

@article{2015AuclairMathisLePoncinLafitte,
author = {{Auclair Desrotour, P.} and {Mathis, S.} and {Le Poncin-Lafitte, C.}},
title = {Scaling laws to understand tidal dissipation   in fluid planetary regions and stars   I. Rotation, stratification and thermal diffusivity},
DOI= "10.1051/0004-6361/201526246",
url= "https://doi.org/10.1051/0004-6361/201526246",
journal = {Astronomy and Astrophysics},
year = 2015,
volume = 581,
pages = "A118"
}

@INPROCEEDINGS{2015SibgatullinErmanyukBrouzetDauxois_Redondo,
   author = {Sibgatullin, I. and Ermanyuk, E. and Brouzet, C. and Dauxois, T.},
    title = {Direct Numerical Simulation of Attractors of Internal Gravity Waves and Their Instability in Stratified Fluids},
booktitle = {International Summer Course and Workshop on Complex Environmental Turbulent Flows},
    month = July,
    city = Barcelona,
     year = 2015
}

@INPROCEEDINGS{2015BrouzetErmanyukSibgatullinDauxois_BIFD,
   author = {Brouzet, C. and Ermanyuk, E. and Sibgatullin, I. and Dauxois, T.},
    title = {Energy cascade in internal wave attractors},
booktitle = {6th International Symposium on Bifurcations and Instabilities in Fluid Dynamics},
    month = July,
     city = Paris,
PUBLISHER = {ESPCI, Paris},
 keywords = {internal waves, triadic instability, energy cascase, mixing, gravity waves, flow instabilities, stratified flows, analytical modeling and laboratory experiments},
     year = 2015,
    pages = {280}
}
		
@INPROCEEDINGS{2015SibgatullinMaresedu,
   author = {{Сибгатуллин}, И. and Ерманюк, Е. and Brouzet, C. and Dauxois, T},
    title = "{Прямое численное моделирование аттракторов внутренних волн, их устойчивости и каскадных процессов}",
booktitle = {Морские исследования и образование ( MARESEDU – 2015)},
    month = Октябрь,
     year = 2015
}

@INPROCEEDINGS{2015ErmanyukSibgatullinBrouzetDauxois_Kazan,
   author = {Ерманюк, Е. and {Сибгатуллин}, И. and Brouzet, C. and Dauxois, T},
    title = {Каскад энергии в аттракторах внутренних волн},
booktitle = {XI Всероссийский съезд по фундаментальным проблемам теоретической и прикладной механики},
    month = август,
     year = 2015
}

@INPROCEEDINGS{2015ErmanyukBrouzetSibgatullinDauxois_Lavrent,
   author = {Ерманюк, Е. and Brouzet, C. and {Сибгатуллин}, И. C. and Dauxois, T},
    title = {Каскад энергии в аттракторах внутренних волн},
booktitle = {Лаврентьевские чтения по математике, механике и физике},
    month = сентябрь,
    city = Новосибирск,
     year = 2015
}
	
@Article{2013BorciaHarlander,
    author="Borcia, Ion Dan and Harlander, Uwe",
    title="Inertial waves in a rotating annulus with inclined inner cylinder: comparing the spectrum of wave attractor frequency bands and the eigenspectrum in the limit of zero inclination",
    journal="Theoretical and Computational Fluid Dynamics",
    year="2013",
    month="Jun",
    day="01",
    volume="27",
    number="3",
    pages="397--413",
}


@article {Frh101,
    author = {Fr{\"u}h, W. -G. and Read, P. L.},
    title = {Wave interactions and the transition to chaos of baroclinic waves in a thermally driven rotating annulus},
    volume = {355},
    number = {1722},
    pages = {101--153},
    year = {1997},
    publisher = {The Royal Society},
    journal = {Philosophical Transactions of the Royal Society of London A: Mathematical, Physical and Engineering Sciences}
}

@article{2001TilgnerBusse, 
    title={Fluid flows in precessing spherical shells},
    volume={426},
    journal={Journal of Fluid Mechanics}, 
    publisher={Cambridge University Press}, 
    author={Tilgner, A. and Busse, F. H.}, 
    year={2001},
    pages={387–396}}

@article{2001RieutordGeorgeotValdettaro, 
  title={Inertial waves in a rotating spherical shell: attractors and asymptotic spectrum}, 
  volume={435}, DOI={10.1017/S0022112001003718}, journal={Journal of Fluid Mechanics}, publisher={Cambridge University Press}, author={Rieutord, M. and Georgeot, B. and Valdettaro, L.}, year={2001}, pages={103–144}}

@inproceedings{2013SeeligInertial,
    title={Inertial waves and wave attractors in a rotating annulus with inner or outer cylinder libration},
    author={Seelig, Torsten and Borcia, Ion D and Klein, Marten and Ghasemi, Abozar and Will, Andreas and Egbers, Christoph and Schaller, Eberhard and Harlander, Uwe},
    booktitle={EGU General Assembly Conference Abstracts},
    volume={15},
    year={2013}
}

@inproceedings{klein2014inertial,
    title={Inertial Wave Excitation and Wave Attractors in an Annular Tank: DNS},
    author={Klein, Marten and Ghasemi, Abouzar and Harlander, Uwe and Will, Andreas},
    booktitle={EGU General Assembly Conference Abstracts},
    volume={16},
    year={2014}
}

@article{2016ProvidukhinaSibgatullinPrimenenieSpectrMethods,
author = {Провидухина, М. and Сибгатуллин, И.},
title = {Применение спектральных методов обработки данных к результатам численного моделирования аттракторов внутренних волн},
journal = {Труды Института системного программирования РАН (электронный журнал)},
year = {2016},
volume = {28},
number = {1},
issn = {2220-6426; 2079-8156},
doi = {10.15514/ISPRAS-2016-28(1)-16},
pages = {275--282},
language = {russian}
}

@phdthesis{brouzet2016internal,
    title={Internal wave attractors: from geometrical focusing to non-linear energy cascade and mixing},
    author={Brouzet, Christophe},
    year={2016},
    school={Universit{\'e} de Lyon}
}

@article{klein2016inertial,
   title={Inertial wave attractors, resonances, and wave excitation by libration: direct numerical simulations and theory},
   author={Klein, Marten},
   year={2016}
}

@article{scolan2013nonlinear,
   title={Nonlinear fate of internal wave attractors},
   author={Scolan, H{\'e}l{\`e}ne and Ermanyuk, Eugeny and Dauxois, Thierry},
   journal={Physical review letters},
   volume={110},
   number={23},
   pages={234501},
   year={2013},
   publisher={APS}
}

@article{bourget2014finite,
   title={Finite-size effects in parametric subharmonic instability},
   author={Bourget, Baptiste and Scolan, H{\'e}l{\`e}ne and Dauxois, Thierry and Le Bars, Michael and Odier, Philippe and Joubaud, Sylvain},
   journal={Journal of Fluid Mechanics},
   volume={759},
   pages={739--750},
   year={2014},
   publisher={Cambridge University Press}
}

@article{favier2014non,
   title={Non-linear evolution of tidally forced inertial waves in rotating fluid bodies},
   author={Favier, B and Barker, AJ and Baruteau, C and Ogilvie, GI},
   journal={Monthly Notices of the Royal Astronomical Society},
   volume={439},
   number={1},
   pages={845--860},
   year={2014},
   publisher={Oxford University Press}
}

@article{borcia2014inertial,
   title={Inertial wave mode excitation in a rotating annulus with partially librating boundaries},
   author={Borcia, Ion Dan and Abouzar, Ghasemi V and Harlander, U},
   journal={Fluid Dynamics Research},
   volume={46},
   number={4},
   pages={041423},
   year={2014},
   publisher={IOP Publishing}
}



@article{mass1997observation,
  title={Observation of an internal wave attractor in a confined, stably stratified fluid},
  author={Mass, Leo  and Benielli, Dominique and Sommeria, Jo{\"e}l and Lam, Frans-Peter A},
  journal={Nature},
  volume={388},
  number={6642},
  pages={557},
  year={1997},
  publisher={Nature Publishing Group}
}

@article{maas1995geometric,
  title={Geometric focusing of internal waves},
  author={Maas, Leo  and Lam, Frans-Peter A},
  journal={Journal of Fluid Mechanics},
  volume={300},
  pages={1--41},
  year={1995},
  publisher={Cambridge University Press}
}

@article{hazewinkel2008observations,
  title={Observations on the wavenumber spectrum and evolution of an internal wave attractor},
  author={Hazewinkel, Jeroen and Van Breevoort, Pieter and Dalziel, Stuart B and Maas, Leo },
  journal={Journal of Fluid Mechanics},
  volume={598},
  pages={373--382},
  year={2008},
  publisher={Cambridge University Press}
}

@article{hazewinkel2010observations,
  title={Observations on the robustness of internal wave attractors to perturbations},
  author={Hazewinkel, Jeroen and Tsimitri, Chrysanthi and Maas, Leo  and Dalziel, Stuart B},
  journal={Physics of fluids},
  volume={22},
  number={10},
  pages={107102},
  year={2010},
  publisher={AIP}
}
@article{stewartson1971trapped,
  title={On trapped oscillations of a rotating fluid in a thin spherical shell},
  author={Stewartson, K},
  journal={Tellus},
  volume={23},
  number={6},
  pages={506--510},
  year={1971},
  publisher={Wiley Online Library}
}

@article{stewartson1972trapped,
  title={On trapped oscillations of a rotating fluid in a thin spherical shell II},
  author={Stewartson, K},
  journal={Tellus},
  volume={24},
  number={4},
  pages={283--287},
  year={1972},
  publisher={Taylor \& Francis}
}

@article{stewartson1972trapped,
  title={On trapped oscillations of a rotating fluid in a thin spherical shell II},
  author={Stewartson, K},
  journal={Tellus},
  volume={24},
  number={4},
  pages={283--287},
  year={1972},
  publisher={Taylor \& Francis}
}
@article{2010RieutordValdettaro,
  title={Viscous dissipation by tidally forced inertial modes in a rotating spherical shell},
  author={Rieutord, M and Valdettaro, L},
  journal={Journal of Fluid Mechanics},
  volume={643},
  pages={363--394},
  year={2010},
  publisher={Cambridge University Press}
}

@article{1997RieutordValdettaro,
  title={Inertial waves in a rotating spherical shell},
  author={Rieutord, M and Valdettaro, L},
  journal={Journal of Fluid Mechanics},
  volume={341},
  pages={77--99},
  year={1997},
  publisher={Cambridge University Press}
}

@article{1997Rieutordinertial,
  title={Inertial waves in a rotating spherical shell},
  author={Rieutord, M and Valdettaro, L},
  journal={Journal of Fluid Mechanics},
  volume={341},
  pages={77--99},
  year={1997},
  publisher={Cambridge University Press}
}

@article{2001RieutordGeorgeotValdettaro,
  title={Inertial waves in a rotating spherical shell: attractors and asymptotic spectrum},
  author={Rieutord, M and Georgeot, Bertrand and Valdettaro, L},
  journal={Journal of Fluid Mechanics},
  volume={435},
  pages={103--144},
  year={2001},
  publisher={Cambridge University Press}
}

@article{2000RieutordGeorgeotValdettaro,
  title={Wave attractors in rotating fluids: a paradigm for ill-posed Cauchy problems},
  author={Rieutord, M and Georgeot, Bertrand and Valdettaro, L},
  journal={Physical Review Letters},
  volume={85},
  number={20},
  pages={4277},
  year={2000},
  publisher={APS}
}

@book{2002DevilleFischerMundHighOrderMethods,
title={High-Order Methods for Incompressible Fluid Flow},
author={Deville, M.O. and Fischer, P.F. and Mund, E.H.},
isbn={9780521453097},
lccn={2001052969},
series={Cambridge Monographs on Applie},
url={https://books.google.ru/books?id=QJ0R5JUpalUC},
year={2002},
publisher={Cambridge University Press}
}

@article{2002RieutordAnalysisSingInertModes,
  title={Analysis of singular inertial modes in a spherical shell: the slender toroidal shell model},
  author={Rieutord, M and Valdettaro, L and Georgeot, B},
  journal={Journal of Fluid Mechanics},
  volume={463},
  pages={345--360},
  year={2002},
  publisher={Cambridge University Press}
}

@article{rieutord2010viscous,
  title={Viscous dissipation by tidally forced inertial modes in a rotating spherical shell},
  author={Rieutord, M and Valdettaro, L},
  journal={Journal of Fluid Mechanics},
  volume={643},
  pages={363--394},
  year={2010},
  publisher={Cambridge University Press}
}

@article{2019RieutordViscous,
  title={Viscous dissipation by tidally forced inertial modes in a rotating spherical shell},
  author={Rieutord, M and Valdettaro, L},
  journal={Journal of Fluid Mechanics},
  volume={643},
  pages={363--394},
  year={2010},
  publisher={Cambridge University Press}
}

@article{rabitti2013meridional,
  title={Meridional trapping and zonal propagation of inertial waves in a rotating fluid shell},
  author={Rabitti, Anna and Maas, Leo },
  journal={Journal of Fluid Mechanics},
  volume={729},
  pages={445--470},
  year={2013},
  publisher={Cambridge University Press}
}

@article{grisouard2008numerical,
  title={Numerical simulation of a two-dimensional internal wave attractor},
  author={Grisouard, Nicolas and Staquet, Chantal and Pairaud, Ivane},
  journal={Journal of Fluid Mechanics},
  volume={614},
  pages={1--14},
  year={2008},
  publisher={Cambridge University Press}
}

@article{hazewinkel2011comparison,
  title={Comparison of laboratory and numerically observed scalar fields of an internal wave attractor},
  author={Hazewinkel, Jeroen and Grisouard, Nicolas and Dalziel, Stuart B},
  journal={European Journal of Mechanics-B/Fluids},
  volume={30},
  number={1},
  pages={51--56},
  year={2011},
  publisher={Elsevier}
}
         
@article{2016BrouzetSibgatullinScolanErmanyukDauxois,
  title={Internal wave attractors examined using laboratory experiments and 3D numerical simulations},
  author={Brouzet, Christophe and Sibgatullin, Ilias and Scolan, Helene and Ermanyuk, Evgeny and Dauxois, Thierry},
  journal={Journal of Fluid Mechanics},
  volume={793},
  pages={109--131},
  year={2016},
  publisher={Cambridge University Press}
}

@article{favier2015generation,
  title={Generation and maintenance of bulk turbulence by libration-driven elliptical instability},
  author={Favier, Benjamin and Grannan, A and Le Bars, Michael and Aurnou, Jonathan M},
  journal={Physics of Fluids},
  volume={27},
  number={6},
  pages={066601},
  year={2015},
  publisher={AIP Publishing}
}
            
@ARTICLE{2016BrouzetErmanyukJoubaudSibgatullinDauxois,
  title={Energy cascade in internal-wave attractors},
  author={Brouzet, Christophe and Ermanyuk, Evgeny and Joubaud, Sylvain and Sibgatullin, Ilias and Dauxois, Thierry},
  journal={EPL (Europhysics Letters)},
  volume={113},
  number={4},
  pages={44001},
  year={2016},
  publisher={IOP Publishing}
}

@article{2017BeckebanzeBrouzetSibgatullinMaas,
   author = {{Beckebanze}, F. and {Brouzet}, C. and {Sibgatullin}, I.~N. and 
	{Maas}, L.~R.~M.},
    title = "{Damping of quasi-two-dimensional internal wave attractors by rigid-wall friction}",
  journal = {Journal of Fluid Mechanics},
archivePrefix = "arXiv",
   eprint = {1707.08009},
 primaryClass = "physics.flu-dyn",
     year = 2018,
    month = apr,
   volume = 841,
    pages = {614-635},
      doi = {10.1017/jfm.2018.107},
   adsurl = {http://adsabs.harvard.edu/abs/2018JFM...841..614B},
  adsnote = {Provided by the SAO/NASA Astrophysics Data System}
}


@article{2017DauxoisBrouzetErmanyukJoubaudLeTourneauSibgatullin,
title = "Energy Cascade in Internal Wave Attractors",
journal = "Procedia IUTAM",
volume = "20",
pages = "120 - 127",
year = "2017",
note = "24th International Congress of Theoretical and Applied Mechanics",
issn = "2210-9838",
doi = "https://doi.org/10.1016/j.piutam.2017.03.017",
url = "http://www.sciencedirect.com/science/article/pii/S2210983817300184",
author = "T. Dauxois and C. Brouzet and E. Ermanyuk and S. Joubaud and D. Le Tourneau and I. Sibgatullin",
keywords = "Internal waves, Stratified flows, Flow instabilities, Wave turbulence",
abstract = "One of the important questions in the dynamics of the oceans is related to the cascade of mechanical energy in the abyss and its contribution to mixing. Here, we propose a unique self-consistent experimental and numerical set up that models a cascade of triadic interactions transferring energy from large-scale monochromatic input to multi-scale internal wave motion. We show how this set-up can be used to tackle the open question of studying internal wave turbulence in a laboratory, by providing, for the first time, explicit evidence of a wave turbulence framework for internal waves. Finally, beyond this regime, we highlight a clear transition to a cascade of small-scale overturning events which induce mixing."
}

@article{2017BrouzetErmJoubPilletDauxInternalWAinstab,
  title={Internal wave attractors: different scenarios of instability},
  author={Brouzet, Christophe and Ermanyuk, E and Joubaud, Sylvain and Pillet, Grimaud and Dauxois, Thierry},
  journal={Journal of Fluid Mechanics},
  volume={811},
  pages={544--568},
  year={2017},
  publisher={Cambridge University Press}
}


@article{2017BrouzetSibgatullinErmanyukJoubaudDauxois,
title = {Scale effects in internal wave attractors},
author = {Brouzet, C. and Sibgatullin, I. N. and Ermanyuk, E. V. and Joubaud, S. and Dauxois, T.},
journal = {Phys. Rev. Fluids},
volume = {2},
issue = {11},
pages = {114803},
numpages = {18},
year = {2017},
month = {Nov},
publisher = {American Physical Society},
doi = {10.1103/PhysRevFluids.2.114803},
url = {https://link.aps.org/doi/10.1103/PhysRevFluids.2.114803}
}


@article{bourget2013experimental,
  title={Experimental study of parametric subharmonic instability for internal plane waves},
  author={Bourget, Baptiste and Dauxois, Thierry and Joubaud, Sylvain and Odier, Philippe},
  journal={Journal of Fluid Mechanics},
  volume={723},
  pages={1--20},
  year={2013},
  publisher={Cambridge University Press}
}

@article{2014BourgetFinite,
  title={Finite-size effects in parametric subharmonic instability},
  author={Bourget, Baptiste and Scolan, H{\'e}l{\`e}ne and Dauxois, Thierry and Le Bars, Michael and Odier, Philippe and Joubaud, Sylvain},
  journal={Journal of Fluid Mechanics},
  volume={759},
  pages={739--750},
  year={2014},
  publisher={Cambridge University Press}
}

@article{karimi2014parametric,
  title={Parametric subharmonic instability of internal waves: locally confined beams versus monochromatic wavetrains},
  author={Karimi, Hussain H and Akylas, TR},
  journal={Journal of Fluid Mechanics},
  volume={757},
  pages={381--402},
  year={2014},
  publisher={Cambridge University Press}
}

@article{yarom2014experimental,
  title={Experimental observation of steady inertial wave turbulence in deep rotating flows},
  author={Yarom, Ehud and Sharon, Eran},
  journal={Nature Physics},
  volume={10},
  number={7},
  pages={510},
  year={2014},
  publisher={Nature Publishing Group}
}

@article{lvov2001hamiltonian,
  title={Hamiltonian formalism and the Garrett-Munk spectrum of internal waves in the ocean},
  author={Lvov, Yuri V and Tabak, Esteban G},
  journal={Physical review letters},
  volume={87},
  number={16},
  pages={168501},
  year={2001},
  publisher={APS}
}

@article{le2015flows,
  title={Flows driven by libration, precession, and tides},
  author={Le Bars, Michael and C{\'e}bron, David and Le Gal, Patrice},
  journal={Annual Review of Fluid Mechanics},
  volume={47},
  pages={163--193},
  year={2015},
  publisher={Annual Reviews}
}
  	
@article{2014BorciaAbouzarHarlander,
  author={Ion Dan Borcia and Ghasemi V Abouzar and U Harlander},
  title={Inertial wave mode excitation in a rotating annulus with partially librating boundaries},
  journal={Fluid Dynamics Research},
  volume={46},
  number={4},
  pages={041423},
  url={http://stacks.iop.org/1873-7005/46/i=4/a=041423},
  year={2014},
  abstract={Inertial modes are excited in a fluid filled rotating annulus by modulating the rotation rate of the outer cylinder and the upper and lower lids. This forcing leads to inertial wave beams being emitted from the corner regions of the annulus due to periodic motions in the boundary layers. When the forcing frequency matches the eigenfrequency of the rotating annulus the beam pattern amplitude is increasing, the beams broaden and mode structures can be observed. The eigenmodes are compared with analytical solutions of the corresponding inviscid problem. In particular for the pressure field a good agreement can be found. However, shear layers related to the excited wave beams are present for all frequencies. This becomes obvious particularly in the experimental visualizations that are carried out by using Kalliroscope particles, highlighting relative motion in the fluid. Comparing the eigenfrequencies we find that relative to the analytical frequencies, the experimental and numerical ones show a small shift towards higher frequencies. This frequency shift is due to the reduction of the effective resonance volume that results from the existence of a Stokes boundary layer at the outer librating wall. Due to the symmetry of the forcing not all possible modes can be excited. It is shown that only symmetric modes with respect to the rotation axis exist. From a fundamental perspective, the study might help to better understand inertial mode excitation in librating planets and moons where inertial waves are emitted from critical points on the inner or outer spherical boundary.}
}
	

@article{2014BruzePryamoeISP,
author = "Брузе, К. and Доксуа, Т. and Ерманюк, Е. and Жубо, С. and Крапошин, M. and Сибгатуллин, И.",
title = "Прямое численное моделирование аттракторов внутренних волн стратифицированной жидкости в трапециедальной области с колеблющейся вертикальной стенкой",
journal = "Труды Института системного программирования РАН (электронный журнал)",
year = "2014",
volume = "26",
number = "5",
issn = "2220-6426; 2079-8156",
pages = "117--142",
annote = "Проведено прямое численное моделирование формирования аттрактора внутренних гравитационных волн в стратифицированной жидкости с помощью двух численных алгоритмов. Математическая постановка задачи соответствует экспериментам по возбуждению внутренних волн через вертикальный волнопродуктор в трапецеидальном контейнере с раствором соли. Показано, что двумерные численные расчеты хорошо воспроизводят экспериментальные данные при учете изменения линейного профиля солености у свободной поверхности. При этом амплитуда колебаний в численных расчетах увеличена за счет потерь энергии волнопродуктора в трехмерном контейнере. Несмотря на то, что общий вид аттрактора хорошо воспроизводится как методом спектральных элементов, так и методом конечных объемов, в профилях скоростей имеются отличия у левой границы. Это требует дальнейшего исследования, поскольку такие отличия могут влиять на нелинейную динамику волн при развитии неустойчивостей.",
language = "russian"
}

@article{2016KaluginSibgat,
    author = {Sibgatullin, I. and Kalugin, M.},
    title = {High-resolution simulation of internal waves attractors and impact of interaction of high amplitude internal waves with walls on dynamics of waves attractors},
    journal = {ECCOMAS Congress 2016 - Proceedings of the 7th European Congress on Computational Methods in Applied Sciences and Engineering},
    year = {2016},
    volume = {4},
    doi = {10.7712/100016.2323.11224},
    pages = {7130--7137},
    language = {english}
}


@Article{2017MaurerGhaemsaidiPeacockOdier,
author="Maurer, P.
and Ghaemsaidi, S. J.
and Joubaud, S.
and Peacock, T.
and Odier, P.",
title="An axisymmetric inertia-gravity wave generator",
journal="Experiments in Fluids",
year="2017",
month="Sep",
day="15",
volume="58",
number="10",
pages="143",
abstract="There has been a rich interplay between laboratory experimental studies of internal waves and advancing understanding of their role in the ocean and atmosphere. In this study, we present and demonstrate the concept for a new form of laboratory internal wave generator that can excite axisymmetric wave fields of arbitrary radial structure. The construction and operation of the generator are detailed, and its capabilities are demonstrated through a pair of experiments using a Bessel function and a bourrelet (i.e., ring-shaped) configuration. The results of the experiments are compared with the predictions of an accompanying analytical model.",
issn="1432-1114",
doi="10.1007/s00348-017-2423-x",
url="https://doi.org/10.1007/s00348-017-2423-x"
}

@article{2017GelashLvovZakharovHamiltInertialWaves, 
title={Complete Hamiltonian formalism for inertial waves in rotating fluids},
volume={831}, 
DOI={10.1017/jfm.2017.611}, 
journal={Journal of Fluid Mechanics}, 
publisher={Cambridge University Press}, 
author={Gelash, A. A. and L’vov, V. S. and Zakharov, V. E.}, 
year={2017}, 
pages={128–150}
}

@INPROCEEDINGS{2017SibgatullinEtalISPRAS, 
  author={I. Sibgatullin and E. Ermanyuk and L. Maas and X. Xu and T. Dauxois}, 
  booktitle={2017 Ivannikov ISPRAS Open Conference (ISPRAS)}, 
  title={Direct Numerical Simulation of Three-Dimensional Inertial Wave Attractors}, 
  year={2017}, 
  volume={}, 
  number={}, 
  pages={137-143}, 
  keywords={dispersion relations;flow instability;flow simulation;fluid oscillations;Navier-Stokes equations;numerical analysis;pipe flow;rotational flow;stratified flow;turbulence;waves;azimuthal direction;background rotation;axisymmetric motion;dispersion relation;Euler-disk-type motion;prescribed vertical velocity field;vertical co-axial cylinders;rotating fluid volume;axisymmetric rotating annulus;three-dimensional highly nonlinear regimes;wave-wave interactions;ideal-fluid concept;two-dimensional problems;wave energy;inertial waves;angular velocity vector;distinguished direction;internal waves;three-dimensional inertial wave attractors;direct numerical simulation;rotating fluid annulus;three-dimensional simulations;three-dimensional wave turbulence;rotational symmetry whose complexity;horizontal cross-section;inertial-wave motion;radial direction;vertical velocity profile;Numerical simulation;Perturbation methods;Numerical models;Dispersion;Angular velocity;Harmonic analysis;Gravity;inertial waves;wave attractors;wave-wave interactions}, 
  doi={10.1109/ISPRAS.2017.00029}, 
  ISSN={}, 
  month={Nov},}

@ARTICLE{2018PilletErmanyukMaasSibgatDauxois,
   author = {{Pillet}, G. and {Ermanyuk}, E.~V. and {Maas}, L.~R.~M. and
	{Sibgatullin}, I.~N. and {Dauxois}, T.},
    title = "{Internal wave attractors in three-dimensional geometries: trapping by oblique reflection}",
  journal = {Journal of Fluid Mechanics},
archivePrefix = "arXiv",
   eprint = {1805.04324},
 primaryClass = "physics.flu-dyn",
     year = 2018,
    month = jun,
   volume = 845,
    pages = {203-225},
      doi = {10.1017/jfm.2018.236},
   adsurl = {http://adsabs.harvard.edu/abs/2018JFM...845..203P},
  adsnote = {Provided by the SAO/NASA Astrophysics Data System}
}

@Inbook{2018DauxoisErmBrouzetJoubaudSibgatAbyssalMixing,
author="Dauxois, T.
and Ermanyuk, E.
and Brouzet, C.
and Joubaud, S.
and Sibgatullin, I.",
editor="Velarde, Manuel G.
and Tarakanov, Roman Yu.
and Marchenko, Alexey V.",
title="Abyssal Mixing in the Laboratory",
bookTitle="The Ocean in Motion: Circulation, Waves, Polar Oceanography",
year="2018",
publisher="Springer International Publishing",
address="Cham",
pages="221--237",
abstract="One of the important questions in the dynamics of the oceans is related to the cascade of mechanical energy in the abyss and its contribution to mixing. Here, we propose a unique self-consistent experimental and numerical set up that models a cascade of triadic interactions transferring energy from large-scale monochromatic input to multi-scale internal wave motion. We show how this set-up can be used to tackle the open question of studying internal wave turbulence in a laboratory, by providing, for the first time, explicit evidence of a wave turbulence framework for internal waves. Finally, beyond this regime, we highlight a clear transition to a cascade of small-scale overturning events which induce mixing.",
isbn="978-3-319-71934-4",
doi="10.1007/978-3-319-71934-4_16",
url="https://doi.org/10.1007/978-3-319-71934-4_16"
}

