

@book{Chet,
	key = {Chet},
	author = {Boris. N. Chetverushkin},
	title = {Kinetic Schemes and Quasi-Gas Dynamic System of~Equations},
	year = {2009},
	publisher = {CIMNE Barcelona, Spain},
	ISBN= {9788496736467}
}

@book{SherBook,
	key = {SherBook},
	author = {Yurii V. Sheretov},
	title = {Continuum Dynamics under Spatiotemporal Averaging},
	year = {2009},
	publisher = {SPC Regular and Chaotic Dynamics. (Moscow-Izhevsk, 2009, in~Russian)}
}

@book{ElizarBook,
	key = {ElizarBook},
	author = {Tatiana G. Elizarova},
	title = {Quasi-Gas Dynamic equations},
	year = {2009},
	publisher = {Springer},
	ISBN = {978364200295}
}

@article{ElSh2001,
	key = {ElSh2001},
	author = {Tatiana G. Elizarova and Yurii V. Sheretov},
	title = {Theoretical and numerical analysis of quasi-gasdynamic and quasi-hydrodynamic equations},
	journal = {J. Computational Mathematics and Mathematical Physics},
	year = {2001},
	volume = {41},
	number = {2},
	pages = {219--234}
}

@article{JFM2004,
	key = {JFM2004},
	author = {Graur, I.A. and Elizarova, T.G. and Ramos, A. and Tejeda, G. and Fernandez, J.M. and Montero, S.},
	title = {A study of shock waves in expanding flows on the basis of spectroscopic experiments and quasi-gasdynamic equations},
	journal = {{Journal of Fluid Mechanics}},
	year = {2004},
	volume = {504},
	pages = {239--270}
}

@article{IJNMF,
	key = {IJNMF},
	author = {Elizarova, T.G. and Khokhlov, A.A. and Sheretov, Yu.V.},
	title = {Quasi-gasdynamic numerical algorithm  for  gas flow simulations},
	journal = {Intern. J. for Numer. Meth. in  Fluids},
	year = {2008},
	volume = {56},
	number = {8},
	pages = {1209--1215}
}

@article{JVM1990,
	key = {JVM1990},
	author = {Antonov, A.N. and Elizarova, T.G. and Chetverushkin, B.N. and Sheretov, Yu.V.},
	title = {Numerical modeling of pulsating regimes accompanying supersonic flow around a hollow cylinder},
	journal = {J. Computational Mathematics and Mathematical Physics},
	year = {1990},
	volume = {30},
	number = {2},
	pages = {139-144}
}

@article{AIAAJ1995,
	key = {AIAAJ1995},
	author = {Elizarova, T.G. and Graur, I.A. and Lengrand, J.C. and Chpoun, A.},
	title = {Rarefied Gas Flow Simulation Based on Quasi Gas Dynamic Equations},
	journal = {AIAA Journal},
	volume = {33},
	number = {12},
	pages = {2316--2324},
	year = {1995}
}
@misc{MorVest,
  title = {{Морские вести России} статья <<Как выйти сухим из «мертвой воды»?>>},
  howpublished = {\url{http://morvesti.ru/themes/1700/53300/}},
  language = {russian},
}

@article{CandF2011,
	key = {CandF2011},
	author = {Elizarova, T.G. and Bulatov, O.V.},
	title = {Regularized shallow water equations and a new method of simulation of the open channel flows},
	journal = {Computers and Fluids},
	volume = {46},
	pages = {206--211},
	year = {2011}
}

@article{JofT,
	key = {JofT},
	author = {Shirokov, I. A. and Elizarova, T. G},
	title = {Simulation of laminar--turbulent transition in compressible {T}aylor--{G}reen flow basing on~quasi-gas dynamic equations},
	journal = {J. of~Turbulence},
	volume = {15},
	issue = {10},
	pages = {707},
	year = {2014}
}

@book{Toro,
	key = {Toro},
	doi = {10.1007/b79761},
	url = {http://dx.doi.org/10.1007/b79761},
	author = {Eleuterio F. Toro},
	title = {{Rieman Solvers and Numerical Methods for Fluid Dynamics, A Practical Introduction}},
	year = {2009},
	publisher = {Springer-Verlag Berlin Heidelberg},
	edition = {Third}
}

@inproceedings{Jasak2009,
	key = {Jasak2009},
	doi = {10.2514/6.2009-341},
	url = {https://doi.org/10.2514/6.2009-341},
	year  = {2009},
	month = {jan},
	publisher = {American Institute of Aeronautics and Astronautics},
	author = {Hrvoje Jasak},
	title = {Dynamic Mesh Handling in {OpenFOAM}},
	booktitle = {47th {AIAA} Aerospace Sciences Meeting including The New Horizons Forum and Aerospace Exposition}
}

@article{yin2003comparison,
	key = {yin2003comparison},
	title={Comparison of four algorithms for solving pressure-velocity linked equations in simulating atrium fire},
	author={Yin, R and Chow, WK},
	journal={Int J Archit Sci},
	volume={4},
	number={1},
	pages={24--35},
	year={2003}
}

@article{greenshields2010implementation,
	key = {greenshields2010implementation},
	title={Implementation of semi-discrete, non-staggered central schemes in a colocated, polyhedral, finite volume framework, for high-speed viscous flows},
	author={Greenshields, Christopher J and Weller, Henry G and Gasparini, Luca and Reese, Jason M},
	journal={International journal for numerical methods in fluids},
	volume={63},
	number={1},
	pages={1--21},
	year={2010},
	publisher={Wiley Online Library}
}

@article{kraposhin2015adaptation,
	key = {kraposhin2015adaptation},
	title={Adaptation of {K}urganov-{T}admor numerical scheme for applying in combination with the {P}{I}{S}{O} method in numerical simulation of flows in a wide range of Mach numbers},
	author={Kraposhin, Matvey and Bovtrikova, Arina and Strijhak, Sergei},
	journal={Procedia Computer Science},
	volume={66},
	pages={43--52},
	year={2015},
	publisher={Elsevier}
}

@techreport{Seiner1982,
	key = {Seiner1982},
	author = {Norum, T.D. and Seiner, J.M.},
	title = {Measurements of Mean Static Pressure and Far-Field Acoustics of Shock-Containing Supersonic Jets},
	year = {1982},
	institution  = {Langley Research Center},
	note = {NASA Technical Memorandum 84521}
}

@conference{Seiner1979,
	key = {Seiner1982},
	author = {Norum, T.D. and Seiner, J.M.},
	title = {Experiments of Shock Associated Noise on Supersonic Jets},
	organization = {AIAA 12 $^t^h$ Fluid and Plasma Dynamics Conference},
	year = {1979},
	publisher = {Williamsburg, Virginia}
}

@book{safronovKudimov,
	key = {safronovKudimov},
    title = {Prikladnyye zadachi gasodinamiki i teploobmena v energeticheskykh ustanovkakh raketnoi techniki (in Russian)},
    author = {Kudimov, N.F. and Safronov, A.V. and Tretyakova, O.N.},
    year = {2014},
    publisher = {M.: MAI}
}

@article{ElizarShirokov2009,
	key = {ElizarShirokov2009},
	author = {Elizarova, T. G. and ShilТnikov, E. V. },
	title = {Capabilities of a quasi-gas-dynamic algorithm as applied to inviscid gas flow simulation},
	journal = {Comput. Math. and  Math. Phys.},
	volume = {49},
	issue = {3},
	pages = {532 -- 548},
	year = {2009}
}

@techreport{Otchet,
	key = {Otchet},
	author = {Liska, R. and Wendroff, B. },
	title = {Comparison of several difference schemes on 1D and 2D test problems for the Euler equations. Technical report LA-UR-01-6225},
	journal = {Comput. Math. and  Math. Phys.},
	institution  = {LANL, Los Alamos},
	year = {2001}
}

@article{LiskaWendroff,
	key = {LiskaWendroff},
	author = {Liska, R. and Wendroff, B. },
	title = {Comparison of several difference schemes on 1D and 2D test problems for the Euler equations},
	journal = {SIAM J. Sci. Comput},
	volume = {25},
	issue = {3},
	pages = {995 -- 1017},
	year = {2003}
}

@article{Woodward1984,
	key = {Woodward1984},
	author = {Woodward, P. and Collela, P.J.},
	title = {The numerical simulation of two dimensional fluid flow with strong shock},
	journal = {Comput. Phys.},
	volume = {54},
	pages = {115 -- 173},
	year = {1984}
}

@article{Ladenburg,
	key = {Ladenburg},
	author = {Ladenburg, R. and van Voorhis, C.C. and Winkler, J},
	title = {Interferometric studies of faster than sound phenomena. Part II. Analysis of supersonic air jets},
	journal = {Physical Review},
	volume = {76},
	pages = {662 -- 677},
	year = {1949}
}

@article{ZlotnikQGDEOS,
	key = {ZlotnikQGDEOS},
    author = {Zlotnik, A.A.},
    title = {Quasi-Gasdynamic System of Equations with General Equations of State},
    journal = {Doklady Mathematics},
    year = {2010},
    volume = {81},
    number = {2},
    pages = {312--316}
}

@article{ZlotnikQGDStab,
	key = {ZlotnikQGDStab},
	author = {Zlotnik, A.A.},
	title = {Linearized Stability of Equilibrium Solutions to the QuasiGasdynamic System of Equations},
	journal = {Doklady Mathematics},
	year = {2010},
	volume = {82},
	number = {2},
	pages = {811--815}
}

@article{Davydov2014,
	key = {Davydov2014},
	title = {Numerical Simulation of the Low Compressible Viscous Gas Flows on GPU-based Hybrid Supercomputers},
	volume = {25},
	ISSN = {0927-5452},
	url = {http://doi.org/10.3233/978-1-61499-381-0-315},
	DOI = {10.3233/978-1-61499-381-0-315},
	number = {Parallel Computing: Accelerating Computational Science and Engineering (CSE)},
	journal = {Advances in Parallel Computing},
	publisher = {IOS Press},
	author = {Alexander A. Davydov and Evgeny V. Shilnikov},
	year = {2014},
	pages = {315–323}
}

@inproceedings{Davydov2016,
	key = {Davydov2016},
	title = {Parallel Program Complex “{E}xpress-{3}D” for 3D Flows Simulation on Hybrid Computer Systems},
	author = {Alexander A. Davydov and Evgeny V. Shilnikov},
	year = {2016},
	month = {October},
	booktitle = {Proceedings of the Tenth International Conference on Advanced Engineering Computing and Applications in Sciences (ADVCOMP 2016)},
	publisher = {IARIA XPS Press, Wilmington, USA}
}

@article{Armaly1983,
	doi = {10.1017/s0022112083002839},
	url = {https://doi.org/10.1017/s0022112083002839},
	year  = {1983},
	month = {feb},
	publisher = {Cambridge University Press ({CUP})},
	volume = {127},
	number = {-1},
	pages = {473},
	author = {B. F. Armaly and F. Durst and J. C. F. Pereira and B. Sch\"{o}nung},
	title = {Experimental and theoretical investigation of backward-facing step flow},
	journal = {Journal of Fluid Mechanics}
}

@misc{Menter03tenyears,
	key = {Menter03tenyears},
	author = {F. R. Menter and M. Kuntz and R. Langtry},
	title = {Ten years of industrial experience with the SST turbulence model. Begell},
	howpublished = {Turbulence, Heat and Mass Transfer 4: Proceedings of the Fourth International
	Symposium on Turbulence, Heat and Mass Transfer, Antalya, Turkey, Publisher: 2003 Begell House, Inc},
	year = {2003}
}

@inproceedings{Mitchell1994,
	key = {Mitchell1994},
	doi = {10.2514/6.1994-642},
	url = {https://doi.org/10.2514/6.1994-642},
	year  = {1994},
	month = {jan},
	publisher = {American Institute of Aeronautics and Astronautics},
	author = {Curtis Mitchell},
	title = {Improved reconstruction schemes for the Navier-Stokes equations on unstructured meshes},
	booktitle = {32nd Aerospace Sciences Meeting and Exhibit}
}

@inproceedings{Frink1996,
	doi = {10.2514/6.1996-292},
	url = {https://doi.org/10.2514/6.1996-292},
	year  = {1996},
	month = {jan},
	publisher = {American Institute of Aeronautics and Astronautics},
	author = {Neal Frink},
	title = {Assessment of an unstructured-grid method for predicting 3-D turbulent viscous flows},
	booktitle = {34th Aerospace Sciences Meeting and Exhibit}
}

@phdthesis{HJasakPhD,
	key = {HJasakPhD},
	year = {1996},
	school = {Department of Mechanical Engineering: Imperial College of Science, Technology and Medicine},
	title = {{Error Analysis and Estimation for the Finite Volume Method with Applications to Fluid Flows}},
	author = {H. Jasak}
}

@article{1984,
    key = {1984},
    year = {1984},
    title = {On a computational algorithm for calculating gas-dynamic flows},
    author = {Tatiana G. Elizarova and Boris N. Chetverushkin},
    journal = {Dokl. Akad. Nauk SSSR},
    volume = {279},
    number = {1},
    pages = {80--83}
}

@article{1985,
	key = {1985},
	year = {1985},
	title = {Kinetic algorithms for calculating gas-dynamic flows},
	author = {Tatiana G. Elizarova and Boris N. Chetverushkin},
	journal = {Dokl. Akad. Nauk SSSR},
	volume = {25},
	number = {5},
	pages = {164--169}
}

@article{1989,
	key = {1989},
	year = {1989},
	title = {Mathematical modeling of oscillating regimes during the flow of a body with a spike},
	author = {Antonov, A.N. and Elizarova, T.G. and Pavlov, A.N. and Chetverushkin, B.N.},
	journal = {Math. Modelirovanie},
	volume = {1},
	number = {1},
	pages = {13--23}
}

@article{1991,
	key = {1991},
	year = {1991},
	title = {An implementation of gasdynamic problems on multiprocessor systems},
	author = {Elizarova, T.G. and Dujsekulov, A.E. and Aspnas, M.},
	journal = {Reports on computer science and mathematics, Abo Aademi, Ser. A},
	number = {123}
}

@inproceedings{1992,
	key = {1992},
	year  = {1992},
	publisher = {Roma, Springer - Verlag},
	author = {Elizarova, T.G. and Chetverushkin, B.N. and Sheretov, Yu.V.},
	title = {Quasigasdynamic equations and computer simulation of viscous gas flows},
	booktitle = {Lecture Notes in Phys., N 414. Proc. 13th Intern. Conf. on Numer. Meth. in Fluid Dynamics}
}

@article{Popov,
	key = {Popov},
	year = {2015},
	title = {Smoothed MHD equations for numerical simulations of ideal quasi-neutral gas dynamic flows},
	author = {Popov, M.V. and Elizarova, T.G.},
	journal = {Computer Physics Communications},
	volume = {1},
	pages = {348--361}
}

@article{Zl2018,
	key = {Zl2018},
	year = {2018},
	title = {Hydrodynamical Aspects of the Formation of Spiral Vortical Structures in Rotating Gaseous Disks},
	author = {Zlotnik, A.A. and Elizarova, T.G. and Istomina, M.A.},
	journal = {Astronomy Reports},
	volume = {62},
	number = {1},
	pages = {9--18},
	publisher = {Pleiades Publishing, Ltd.}
}

@article{Saburin2017,
	key = {Saburin2017},
	year = {2017},
	title = {Application of  the regularized shallow water equations for numerical simulations of seiche level oscillations in the sea of Azov},
	author = {Elizarova, T.G. and Saburin, D.S.},
	journal = {Mathematical Models and Computer Simulations},
	volume = {9},
	number = {4},
	pages = {423--436}
}

@article{Elizarova2011,
	key = {Elizarova2011},
	year = {2011},
	title = {Time Averaging as an Approximate Technique for Constructing Quasi-Gasdynamic
	and Quasi-Hydrodynamic Equations},
	author = {Elizarova, T.G.},
	journal = {Computational Mathematics and Mathematical Physics},
	volume = {51},
	number = {11},
	pages = {1973--1982}
}

@article{Patankar1972-SIMPLE,
  key = {Patankar1972-SIMPLE},
  doi = {10.1016/0017-9310(72)90054-3},
  url = {https://doi.org/10.1016/0017-9310(72)90054-3},
  year = {1972},
  month = oct,
  publisher = {Elsevier {BV}},
  volume = {15},
  number = {10},
  pages = {1787--1806},
  author = {S.V Patankar and D.B Spalding},
  title = {A calculation procedure for heat,  mass and momentum transfer in three-dimensional parabolic flows},
  journal = {International Journal of Heat and Mass Transfer}
}

@article{Issa1986-PISO,
  key = {Issa1986-PISO},
  doi = {10.1016/0021-9991(86)90099-9},
  url = {https://doi.org/10.1016/0021-9991(86)90099-9},
  year = {1986},
  month = jan,
  publisher = {Elsevier {BV}},
  volume = {62},
  number = {1},
  pages = {40--65},
  author = {R.I Issa},
  title = {Solution of the implicitly discretised fluid flow equations by operator-splitting},
  journal = {Journal of Computational Physics}
}

@article{IssaGosmanWatkins-PISO,
  key = {IssaGosmanWatkins-PISO},
  doi = {10.1016/0021-9991(86)90100-2},
  url = {https://doi.org/10.1016/0021-9991(86)90100-2},
  year = {1986},
  month = jan,
  publisher = {Elsevier {BV}},
  volume = {62},
  number = {1},
  pages = {66--82},
  author = {R.I Issa and A.D Gosman and A.P Watkins},
  title = {The computation of compressible and incompressible recirculating flows by a non-iterative implicit scheme},
  journal = {Journal of Computational Physics}
}

@inproceedings{Kraposhin2017,
  key = {Kraposhin2017},
  doi = {10.1109/ispras.2017.00026},
  url = {https://doi.org/10.1109/ispras.2017.00026},
  year = {2017},
  month = nov,
  publisher = {{IEEE Xplore}},
  author = {Matvey V. Kraposhin and Daniil A. Ryazanov and Elena V. Smirnova and Tatiana G. Elizarova and Maria A. Istomina},
  title = {Development of {OpenFOAM} Solver for Compressible Viscous Flows Simulation Using Quasi-Gas Dynamic Equations},
  booktitle = {2017 Ivannikov {ISPRAS} Open Conference ({ISPRAS})}
}

@article{Istomina2019,
  key = {Istomina2019},
  doi = {10.20948/prepr-2019-86},
  url = {https://doi.org/10.20948/prepr-2019-86},
  year = {2019},
  publisher = {Keldysh Institute of Applied Mathematics},
  number = {86},
  pages = {1--22},
  author = {Maria Alexandrovna Istomina and Evgeny Vladimirovich Shilnikov},
  title = {About approximation of stream sizes on spatial grids of irregular structure},
  journal = {Keldysh Institute Preprints}
}

@article{Dynnikova2000,
  key = {Dynnikova2000},
  doi = {10.1007/bf02698782},
  url = {https://doi.org/10.1007/bf02698782},
  year = {2000},
  month = jan,
  publisher = {Springer Science and Business Media {LLC}},
  volume = {35},
  number = {1},
  pages = {24--32},
  author = {G. Ya. Dynnikova},
  title = {An analog of the Bernoulli and Cauchy-Lagrange integrals for a time-dependent vortex flow of an ideal incompressible fluid},
  journal = {Fluid Dynamics}
}

@misc{GitHubVM2D,
  key          = {GitHubVM2D},
  author       = {I. K. Marchevsky},
  title        = {https://github.com/vortexmethods/VM2D},
  howpublished = {GitHub},
  year         = {2019}
}

@article{Kuzmina2019,
  key = {Kuzmina2019},
  doi = {10.1134/s0015462819070103},
  url = {https://doi.org/10.1134/s0015462819070103},
  year = {2019},
  month = dec,
  publisher = {Pleiades Publishing Ltd},
  volume = {54},
  number = {7},
  pages = {991--1001},
  author = {K. S. Kuzmina and I. K. Marchevskii},
  title = {On the Calculation of the Vortex Sheet and Point Vortices Effects at Approximate Solution of the Boundary Integral Equation in 2D Vortex Methods of Computational Hydrodynamics},
  journal = {Fluid Dynamics}
}

@article{Dergachev2019,
  key = {Dergachev2019},
  doi = {10.1016/j.ast.2019.105374},
  url = {https://doi.org/10.1016/j.ast.2019.105374},
  year = {2019},
  month = nov,
  publisher = {Elsevier {BV}},
  volume = {94},
  pages = {105374},
  author = {S.A. Dergachev and I.K. Marchevsky and G.A. Shcheglov},
  title = {Flow simulation around 3D bodies by using Lagrangian vortex loops method with boundary condition satisfaction with respect to tangential velocity components},
  journal = {Aerospace Science and Technology}
}

@article{SaucedoZendejo2017,
  key = {SaucedoZendejo2017},
  doi = {10.1016/j.cma.2017.06.027},
  url = {https://doi.org/10.1016/j.cma.2017.06.027},
  year = {2017},
  month = sep,
  publisher = {Elsevier {BV}},
  volume = {324},
  pages = {619--639},
  author = {Felix R. Saucedo-Zendejo and Edgar O. Res{\'{e}}ndiz-Flores},
  title = {A new approach for the numerical simulation of free surface incompressible flows using a meshfree method},
  journal = {Computer Methods in Applied Mechanics and Engineering}
}

@phdthesis{KuhnertPhD,
  key         = {KuhnertPhD},
  author      = {Kuhnert, Jorg},
  title       = {General Smoothed Particle Hydrodynamics},
  school      = {Technische Universität Kaiserslautern},
  year        = {1999}
}

@article{NourgalievChristonReport,
  key = {NourgalievChristonReport},
  title = {Solution Algorithms for Effective-Field Models of Multi-Fluid Flows},
  author = {Nourgaliev, Robert and Christon, Mark},
  doi = {10.2172/1058095},
  place = {United States},
  year = {2012},
  month = {9}
}

@article{PericCFDLecture,
  key             = {PericCFDLecture},
  author          = {Peric, Milovan},
  title           = {NUMERICAL METHODS FOR COMPUTING TURBULENT FLOWS},
  year            = {2003},
  journal         = {Technical Report VKI LS 2004-06},
  url             = {http://www.staff.city.ac.uk/~ra600/Modelling/Peric-CFDlecture.pdf}
}

@Book{ferziger2002computational,
 author = {Ferziger, Joel},
 title = {Computational Methods for Fluid Dynamics},
 publisher = {Springer Berlin Heidelberg},
 year = {2002},
 address = {Berlin, Heidelberg},
 isbn = {978-3-642-56026-2}
 }

@article{Korchagova2017,
  doi = {10.1088/1742-6596/918/1/012037},
  url = {https://doi.org/10.1088/1742-6596/918/1/012037},
  year = {2017},
  month = nov,
  publisher = {{IOP} Publishing},
  volume = {918},
  pages = {012037},
  author = {V N Korchagova and M V Kraposhin and I K Marchevsky and E V Smirnova},
  title = {Simulation of droplet impact onto a deep pool for large Froude numbers in different open-source codes},
  journal = {Journal of Physics: Conference Series}
}

@article{PinIdelsohn2007,
  key = {PinIdelsohn2007},
  doi = {10.1016/j.compfluid.2005.06.008},
  url = {https://doi.org/10.1016/j.compfluid.2005.06.008},
  year = {2007},
  month = jan,
  publisher = {Elsevier {BV}},
  volume = {36},
  number = {1},
  pages = {27--38},
  author = {Facundo Del Pin and Sergio Idelsohn and Eugenio O{\~{n}}ate and Romain Aubry},
  title = {The {ALE}/Lagrangian Particle Finite Element Method: A new approach to computation of free-surface flows and fluid{\textendash}object interactions},
  journal = {Computers {\&} Fluids},
}

@article{Napoli2015,
  key = {Napoli2015},
  doi = {10.1016/j.compfluid.2014.09.045},
  url = {https://doi.org/10.1016/j.compfluid.2014.09.045},
  year = {2015},
  month = jan,
  publisher = {Elsevier {BV}},
  volume = {106},
  pages = {185--195},
  author = {Enrico Napoli and Mauro De Marchis and Enrico Vitanza},
  title = {{PANORMUS}-{SPH}. A new Smoothed Particle Hydrodynamics solver for incompressible flows},
  journal = {Computers {\&} Fluids}
}

@article{chorin1967,
  key = {chorin1967},
  author = "Chorin, Alexandre Joel",
  fjournal = "Bulletin of the American Mathematical Society",
  journal = "Bull. Amer. Math. Soc.",
  month = "11",
  number = "6",
  pages = "928--931",
  publisher = "American Mathematical Society",
  title = "The numerical solution of the Navier-Stokes equations for an incompressible fluid",
  url = "https://projecteuclid.org:443/euclid.bams/1183529112",
  volume = "73",
  year = "1967",
}

@book{Prohl1997,
  key = {Prohl1997},
  doi = {10.1007/978-3-663-11171-9},
  year = {1997},
  publisher = {Vieweg+Teubner Verlag},
  author = {Andreas Prohl},
  title = {Projection and Quasi-Compressibility Methods for Solving the Incompressible Navier-Stokes Equations},
}

@article{vanKan1986,
  key = {vanKan1986},
  doi = {10.1137/0907059},
  url = {https://doi.org/10.1137/0907059},
  year = {1986},
  month = jul,
  publisher = {Society for Industrial {\&} Applied Mathematics ({SIAM})},
  volume = {7},
  number = {3},
  pages = {870--891},
  author = {J. van Kan},
  title = {A Second-Order Accurate Pressure-Correction Scheme for Viscous Incompressible Flow},
  journal = {{SIAM} Journal on Scientific and Statistical Computing},
}

@article{Guermond2006,
  key = {Guermond2006},
  doi = {10.1016/j.cma.2005.10.010},
  url = {https://doi.org/10.1016/j.cma.2005.10.010},
  year = {2006},
  month = sep,
  publisher = {Elsevier {BV}},
  volume = {195},
  number = {44-47},
  pages = {6011--6045},
  author = {J.L. Guermond and P. Minev and Jie Shen},
  title = {An overview of projection methods for incompressible flows},
  journal = {Computer Methods in Applied Mechanics and Engineering},
}

@article{TIMMERMANS1996,
  key = {TIMMERMANS1996},
  doi = {10.1002/(sici)1097-0363(19960415)22:7<673::aid-fld373>3.0.co;2-o},
  year = {1996},
  month = apr,
  publisher = {Wiley},
  volume = {22},
  number = {7},
  pages = {673--688},
  author = {L. J. P. Timmermans and P. D. Minev and F. N. Van De Vosse},
  title = {{AN} {APPROXIMATE} {PROJECTION} {SCHEME} {FOR} {INCOMPRESSIBLE} {FLOW} {USING} {SPECTRAL} {ELEMENTS}},
  journal = {International Journal for Numerical Methods in Fluids},
}

@article{Komen2020,
  key ={Komen2020},
  doi = {10.1016/j.cpc.2020.107145},
  url = {https://doi.org/10.1016/j.cpc.2020.107145},
  year = {2020},
  month = aug,
  publisher = {Elsevier {BV}},
  volume = {253},
  pages = {107145},
  author = {E.M.J. Komen and E.M.A. Frederix and T.H.J. Coppen and V. D'Alessandro and J.G.M. Kuerten},
  title = {Analysis of the numerical dissipation rate of different Runge{\textendash}Kutta and velocity interpolation methods in an unstructured collocated finite volume method in {OpenFOAM}{\textregistered}},
  journal = {Computer Physics Communications},
}

@incollection{DAlessandro2018,
  key = {DAlessandro2018},
  doi = {10.1007/978-3-319-70945-1_5},
  url = {https://doi.org/10.1007/978-3-319-70945-1_5},
  year = {2018},
  publisher = {Springer International Publishing},
  pages = {65--81},
  author = {Valerio D'Alessandro and Sergio Montelpare and Renato Ricci},
  title = {An {OpenFOAM} Solver for Forced Convection Heat Transfer Adopting Diagonally Implicit Runge{\textendash}Kutta Schemes},
  booktitle = {{CFD} Techniques and Thermo-Mechanics Applications},
}

@article{Fvrire2009,
  key = {Fvrire2009},
  doi = {10.1016/j.cam.2008.08.014},
  url = {https://doi.org/10.1016/j.cam.2008.08.014},
  year = {2009},
  month = apr,
  publisher = {Elsevier {BV}},
  volume = {226},
  number = {2},
  pages = {228--245},
  author = {C. F{\'{e}}vri{\`{e}}re and J. Laminie and P. Poullet and Ph. Angot},
  title = {On the penalty-projection method for the Navier{\textendash}Stokes equations with the {MAC} mesh},
  journal = {Journal of Computational and Applied Mathematics},
}

@article{Kraposhin2018,
  key = {Kraposhin2018},
  doi = {10.1016/j.compfluid.2018.02.010},
  url = {https://doi.org/10.1016/j.compfluid.2018.02.010},
  year = {2018},
  month = apr,
  publisher = {Elsevier {BV}},
  volume = {166},
  pages = {163--175},
  author = {Matvey V. Kraposhin and Elena V. Smirnova and Tatiana G. Elizarova and Maria A. Istomina},
  title = {Development of a new {OpenFOAM} solver using regularized gas dynamic equations},
  journal = {Computers {\&} Fluids},
}

@book{Kwak2011,
  key = {Kwak},
  doi = {10.1007/978-94-007-0193-9},
  author         = {Kwak, Doochan and Kiris, Cetin C. },
  title          = {Computation of Viscous Incompressible Flows},
  publisher      = {Springer Netherlands},
  year           = {2011},
}

@article{Harlow1965,
  key ={Harlow1965},
  doi = {10.1063/1.1761178},
  url = {https://doi.org/10.1063/1.1761178},
  year = {1965},
  publisher = {{AIP} Publishing},
  volume = {8},
  number = {12},
  pages = {2182},
  author = {Francis H. Harlow and J. Eddie Welch},
  title = {Numerical Calculation of Time-Dependent Viscous Incompressible Flow of Fluid with Free Surface},
  journal = {Physics of Fluids},
}

@article{Erturk2007,
  doi = {10.1002/zamm.200610322},
  url = {https://doi.org/10.1002/zamm.200610322},
  year = {2007},
  month = may,
  publisher = {Wiley},
  volume = {87},
  number = {5},
  pages = {377--392},
  author = {E. Erturk and B. Dursun},
  title = {Numerical solutions of 2-D steady incompressible flow in a driven skewed cavity},
  journal = {{ZAMM}},
}


@article{Hines2008,
author = {Hines, Jonathan},
year = {2008},
month = {01},
title = {A Comparative Study of the SIMPLE and Fractional Step Time Integration Methods for Transient Incompressible Flows},
}

@inproceedings{Vabishevich,
  key = {Vabishevich},
  author = {P.N. Vabishevich and M. M. Makarov and V. V. Chudanov and A. G. Churbanov},
  title = {Numerical modelling convective flows in Function of stream, velocity vorticity, temperature},
  institution  = {Langley Research Center},
  note = {NASA Technical Memorandum 84521},
  publisher = {{IEEE}},
  booktitle = {2018 Ivannikov Ispras Open Conference ({ISPRAS})},
  year = {1993},
}

@article{Rainville2006,
  doi = {10.1175/jpo2889.1},
  url = {https://doi.org/10.1175/jpo2889.1},
  year = {2006},
  month = jun,
  publisher = {American Meteorological Society},
  volume = {36},
  number = {6},
  pages = {1220--1236},
  author = {Luc Rainville and Robert Pinkel},
  title = {Propagation of Low-Mode Internal Waves through the Ocean},
  journal = {Journal of Physical Oceanography},
}

@article{DAUXOIS1999,
  doi = {10.1017/s0022112099005108},
  url = {https://doi.org/10.1017/s0022112099005108},
  year = {1999},
  month = jul,
  publisher = {Cambridge University Press ({CUP})},
  volume = {390},
  pages = {271--295},
  author = {THIERRY DAUXOIS and W. R. YOUNG},
  title = {Near-critical reflection of internal waves},
  journal = {Journal of Fluid Mechanics},
}

@article{Garrett1972,
  doi = {10.1080/03091927208236082},
  url = {https://doi.org/10.1080/03091927208236082},
  year = {1972},
  month = may,
  publisher = {Informa {UK} Limited},
  volume = {3},
  number = {3},
  pages = {225--264},
  author = {Christopher Garrett and Walter Munk},
  title = {Space-Time scales of internal waves},
  journal = {Geophysical Fluid Dynamics},
}

@article{Nikurashin2012,
  doi = {10.1175/jpo-d-11-0189.1},
  url = {https://doi.org/10.1175/jpo-d-11-0189.1},
  year = {2012},
  month = may,
  publisher = {American Meteorological Society},
  volume = {42},
  number = {10},
  pages = {1652--1667},
  author = {Maxim Nikurashin and Geoffrey Vallis},
  title = {A Theory of the Interhemispheric Meridional Overturning Circulation and Associated Stratification},
  journal = {Journal of Physical Oceanography},
}

@article{Munk1998,
  doi = {10.1016/s0967-0637(98)00070-3},
  url = {https://doi.org/10.1016/s0967-0637(98)00070-3},
  year = {1998},
  month = dec,
  publisher = {Elsevier {BV}},
  volume = {45},
  number = {12},
  pages = {1977--2010},
  author = {Walter Munk and Carl Wunsch},
  title = {Abyssal recipes {II}: energetics of tidal and wind mixing},
  journal = {Deep Sea Research Part I: Oceanographic Research Papers},
}

@article{Ivey2008,
  doi = {10.1146/annurev.fluid.39.050905.110314},
  url = {https://doi.org/10.1146/annurev.fluid.39.050905.110314},
  year = {2008},
  month = jan,
  publisher = {Annual Reviews},
  volume = {40},
  number = {1},
  pages = {169--184},
  author = {G.N. Ivey and K.B. Winters and J.R. Koseff},
  title = {Density Stratification,  Turbulence,  but How Much Mixing?},
  journal = {Annual Review of Fluid Mechanics},
}

@article{Polzin1997,
  doi = {10.1126/science.276.5309.93},
  url = {https://doi.org/10.1126/science.276.5309.93},
  year = {1997},
  month = apr,
  publisher = {American Association for the Advancement of Science ({AAAS})},
  volume = {276},
  number = {5309},
  pages = {93--96},
  author = {K. L. Polzin},
  title = {Spatial Variability of Turbulent Mixing in the Abyssal Ocean},
  journal = {Science},
}

@article{Tang2010,
  doi = {10.1063/1.3273054},
  url = {https://doi.org/10.1063/1.3273054},
  year = {2010},
  month = mar,
  publisher = {{AIP} Publishing},
  volume = {20},
  number = {1},
  pages = {017508},
  author = {Wenbo Tang and Thomas Peacock},
  title = {Lagrangian coherent structures and internal wave attractors},
  journal = {Chaos: An Interdisciplinary Journal of Nonlinear Science},
}

@article{ECHEVERRI2011,
  doi = {10.1017/s0022112010005069},
  url = {https://doi.org/10.1017/s0022112010005069},
  year = {2011},
  month = jan,
  publisher = {Cambridge University Press ({CUP})},
  volume = {669},
  pages = {354--374},
  author = {P. ECHEVERRI and T. YOKOSSI and N. J. BALMFORTH and T. PEACOCK},
  title = {Tidally generated internal-wave attractors between double ridges},
  journal = {Journal of Fluid Mechanics},
}

@article{Guo2015,
  doi = {10.1017/jfm.2015.648},
  url = {https://doi.org/10.1017/jfm.2015.648},
  year = {2015},
  month = dec,
  publisher = {Cambridge University Press ({CUP})},
  volume = {787},
  pages = {148--174},
  author = {Yuan Guo and Miranda Holmes-Cerfon},
  title = {Internal wave attractors over random,  small-amplitude topography},
  journal = {Journal of Fluid Mechanics},
}

@article{Drijfhout2007,
  doi = {10.1175/2007jpo3586.1},
  url = {https://doi.org/10.1175/2007jpo3586.1},
  year = {2007},
  month = nov,
  publisher = {American Meteorological Society},
  volume = {37},
  number = {11},
  pages = {2740--2763},
  author = {Sybren Drijfhout and Leo R. M. Maas},
  title = {Impact of Channel Geometry and Rotation on the Trapping of Internal Tides},
  journal = {Journal of Physical Oceanography},
}

@article{Manders2004,
  doi = {10.1016/j.fluiddyn.2004.03.004},
  url = {https://doi.org/10.1016/j.fluiddyn.2004.03.004},
  year = {2004},
  month = jul,
  publisher = {{IOP} Publishing},
  volume = {35},
  number = {1},
  pages = {1--21},
  author = {Astrid M M Manders and Leo R M Maas},
  title = {On the three-dimensional structure of the inertial wave field in a rectangular basin with one sloping boundary},
  journal = {Fluid Dynamics Research},
}

@article{Hazewinkel2010,
  doi = {10.1063/1.3489008},
  url = {https://doi.org/10.1063/1.3489008},
  year = {2010},
  month = oct,
  publisher = {{AIP} Publishing},
  volume = {22},
  number = {10},
  pages = {107102},
  author = {Jeroen Hazewinkel and Chrysanthi Tsimitri and Leo R. M. Maas and Stuart B. Dalziel},
  title = {Observations on the robustness of internal wave attractors to perturbations},
  journal = {Physics of Fluids},
}


@article{Maas1995,
  doi = {10.1017/s0022112095003582},
  url = {https://doi.org/10.1017/s0022112095003582},
  year = {1995},
  month = oct,
  publisher = {Cambridge University Press ({CUP})},
  volume = {300},
  pages = {1--41},
  author = {Leo R. M. Maas and Frans-Peter A. Lam},
  title = {Geometric focusing of internal waves},
  journal = {Journal of Fluid Mechanics},
}

@article{Maas1997,
  doi = {10.1038/41509},
  url = {https://doi.org/10.1038/41509},
  year = {1997},
  month = aug,
  publisher = {Springer Science and Business Media {LLC}},
  volume = {388},
  number = {6642},
  pages = {557--561},
  author = {Leo R. M. Maas and Dominique Benielli and Joël Sommeria and Frans-Peter A. Lam},
  title = {Observation of an internal wave attractor in a confined,  stably stratified fluid},
  journal = {Nature},
}

@article{articleMaas2003,
author = {Manders, A. and Maas, Leo},
year = {2003},
month = {04},
title = {Inertial Wave Focusing and Attraction in a Rectangular Tank With a Sloping Boundary},
}

@article{Lam2008,
  year = {2008},
  month = feb,
  publisher = {{IOP} Publishing},
  volume = {40},
  number = {2},
  pages = {95--122},
  author = {Frans-Peter A Lam and Leo R M Maas},
  title = {Internal wave focusing revisited; a reanalysis and new theoretical links},
  journal = {Fluid Dynamics Research},
}
%  doi = {10.1016/j.fluiddyn.2007.02.003},
%  url = {https://doi.org/10.1016/j.fluiddyn.2007.02.003},

@article{Brouzet2016,
  doi = {10.1017/jfm.2016.119},
  url = {https://doi.org/10.1017/jfm.2016.119},
  year = {2016},
  month = mar,
  publisher = {Cambridge University Press ({CUP})},
  volume = {793},
  pages = {109--131},
  author = {C. Brouzet and I. N. Sibgatullin and H. Scolan and E. V. Ermanyuk and T. Dauxois},
  title = {Internal wave attractors examined using laboratory experiments and 3D numerical simulations},
  journal = {Journal of Fluid Mechanics},
}

@article{Brouzet_2016,
	doi = {10.1209/0295-5075/113/44001},
	url = {https://doi.org/10.1209\%2F0295-5075\%2F113\%2F44001},
	year = 2016,
	month = {feb},
	publisher = {{IOP} Publishing},
	volume = {113},
	number = {4},
	pages = {44001},
	author = {C. Brouzet and E. V. Ermanyuk and S. Joubaud and I. Sibgatullin and T. Dauxois},
	title = {Energy cascade in internal-wave attractors},
	journal = {{EPL} (Europhysics Letters)},
	abstract = {One of the pivotal questions in the dynamics of the oceans is related to the cascade of mechanical energy in the abyss and its contribution to mixing. Here, we propose internal-wave attractors in the large-amplitude regime as a unique self-consistent experimental and numerical setup that models a cascade of triadic interactions transferring energy from large-scale monochromatic input to multi-scale internal-wave motion. We also provide signatures of a discrete wave turbulence framework for internal waves. Finally, we show how, beyond this regime, we have a clear transition to a regime of small-scale high-vorticity events which induce mixing.},
}

@article{Brouzet2014,
  doi = {10.15514/ispras-2014-26(5)-6},
  url = {https://doi.org/10.15514/ispras-2014-26(5)-6},
  year = {2014},
  publisher = {Institute for System Programming of the Russian Academy of Sciences},
  volume = {26},
  number = {5},
  pages = {117--142},
  author = {C. Brouzet and T. Dauxois and E. Ermanyuk and S. Joubaud and M. Kraposhin and I. Sibgatullin},
  title = {Direct numerical simulation of internal gravity wave attractor in trapezoidal domain with oscillating vertical wall},
  journal = {Proceedings of the Institute for System Programming of {RAS}},
}

@inproceedings{Kraposhin20182,
  doi = {10.1109/ispras.2018.00027},
  url = {https://doi.org/10.1109/ispras.2018.00027},
  year = {2018},
  month = nov,
  publisher = {{IEEE}},
  author = {Matvey Kraposhin and Daniil Ryazanov and Tatiana Elizarova and Ilias Sibgatullin and Michael Kalugin and Vasily Velikhov and Eygene Ryabinkin},
  title = {{OpenFOAM} High Performance Computing Solver for Simulation of Internal Wave Attractors in Stratified Flows Using Regularized Hydrodynamic Equations},
  booktitle = {2018 Ivannikov Ispras Open Conference ({ISPRAS})},
}

@article{Veronis1970,
  doi = {10.1146/annurev.fl.02.010170.000345},
  url = {https://doi.org/10.1146/annurev.fl.02.010170.000345},
  year = {1970},
  month = jan,
  publisher = {Annual Reviews},
  volume = {2},
  number = {1},
  pages = {37--66},
  author = {G Veronis},
  title = {The Analogy Between Rotating and Stratified Fluids},
  journal = {Annual Review of Fluid Mechanics},
}

@book{Sudolski,
	key = {Sudolski},
	author = { Сyдольский А.С.},
	title = {Динамические явления в водоемах.},
	year = {1991.},
	publisher = {– Л.: Гидрометеоиздат},
	pages = {263 с.},
	language = {russian},
}

@book{Plinii,
	key = {Plinii},
	author = {Плиний Старший.},
	title = {Вопросы техники в «Естественной истории»},
	year = {1946. — 3.},
	publisher = {Вестн. древ. истории.},
	language = {russian},
}

@article{deadWater,
author = {Vasseur, Romain and Mercier, Matthieu and Dauxois, Thierry},
year = {2008},
month = {11},
title = {Dead Waters: Large amplitude interfacial waves generated by a boat in a stratified fluid},
}

@misc{deadWaterVideo,
  title = {{Dead water video}},
  howpublished = {\url{https://www.youtube.com/watch?v=bzcgAshAg2o&t=1s}},
}

@article{King2012,
  doi = {10.1029/2011jc007681},
  url = {https://doi.org/10.1029/2011jc007681},
  year = {2012},
  month = apr,
  publisher = {American Geophysical Union ({AGU})},
  volume = {117},
  number = {C4},
  pages = {n/a--n/a},
  author = {Benjamin King and Mark Stone and H. P. Zhang and Theo Gerkema and M. Marder and Robert B. Scott and Harry L. Swinney},
  title = {Buoyancy frequency profiles and internal semidiurnal tide turning depths in the oceans},
  journal = {Journal of Geophysical Research: Oceans},
}

@book{bookELIZ,
author = {Elizarova, T.G.},
year = {2018},
month = {02},
title = {Квазигазодинамические уравнения и методы расчета вязких течений},
isbn = {978-589-176-42-00},
language = {russian},
}

@phdthesis{brouzet:tel-01361201,
  TITLE = {{Internal wave attractors : from geometrical focusing to non-linear energy cascade and mixing}},
  AUTHOR = {Brouzet, christophe},
  URL = {https://tel.archives-ouvertes.fr/tel-01361201},
  NUMBER = {2016LYSEN012},
  SCHOOL = {{Universit{\'e} de Lyon}},
  YEAR = {2016},
  MONTH = Jul,
  KEYWORDS = {Mixing ; Wave turbulence ; Energy cascade ; Triadic resonance instability ; Internal wave attractor ; Stratified fluid ; Ondes de gravit{\'e} ; M{\'e}lange ; Turbulence d'ondes ; Fluide stratifi{\'e} ; Attracteur d'ondes internes ; Instabilit{\'e} de r{\'e}sonance triadique ; Cascade d'{\'e}nergie},
  TYPE = {Theses},
  PDF = {https://tel.archives-ouvertes.fr/tel-01361201/file/BROUZET_Christophe_2016LYSEN012_These.pdf},
  HAL_ID = {tel-01361201},
  HAL_VERSION = {v1},
}

@misc{NEK5000,
  title = {{NEK5000} Oficial website},
  howpublished = {\url{https://nek5000.mcs.anl.gov/}}
}

@article{Patera1984,
  doi = {10.1016/0021-9991(84)90128-1},
  url = {https://doi.org/10.1016/0021-9991(84)90128-1},
  year = {1984},
  month = jun,
  publisher = {Elsevier {BV}},
  volume = {54},
  number = {3},
  pages = {468--488},
  author = {Anthony T Patera},
  title = {A spectral element method for fluid dynamics: Laminar flow in a channel expansion},
  journal = {Journal of Computational Physics},
}

@article{Fischer2002,
  doi = {10.1023/a:1015188211796},
  url = {https://doi.org/10.1023/a:1015188211796},
  year = {2002},
  publisher = {Springer Science and Business Media {LLC}},
  volume = {17},
  number = {1/4},
  pages = {81--98},
  author = {Paul F. Fischer and Gerald W. Kruse and Francis Loth},
  journal = {Journal of Scientific Computing},
}




@misc{OpenFOAM,
  title = {{OpenFOAM} Oficial website},
  howpublished = {\url{https://www.openfoam.com/}},
}

@article{Brouzetetal2017,
  doi = {10.1017/jfm.2016.759},
  url = {https://doi.org/10.1017/jfm.2016.759},
  year = {2016},
  month = dec,
  publisher = {Cambridge University Press ({CUP})},
  volume = {811},
  pages = {544--568},
  author = {C. Brouzet and E. Ermanyuk and S. Joubaud and G. Pillet and T. Dauxois},
  title = {Internal wave attractors: different scenarios of~instability},
  journal = {Journal of Fluid Mechanics},
}

@article{Dauxoisetal2018,
author = {Dauxois, Thierry and Joubaud, Sylvain and Odier, Philippe and Venaille, Antoine},
title = {Instabilities of Internal Gravity Wave Beams},
journal = {Annual Review of Fluid Mechanics},
volume = {50},
number = {1},
pages = {131-156},
year = {2018},
doi = {10.1146/annurev-fluid-122316-044539},

URL = { 
        https://doi.org/10.1146/annurev-fluid-122316-044539
    
},
eprint = { 
        https://doi.org/10.1146/annurev-fluid-122316-044539
    
},
}


@article{Sparrow1987,
  doi = {10.1080/10407788708913572},
  url = {https://doi.org/10.1080/10407788708913572},
  year = {1987},
  month = jul,
  publisher = {Informa {UK} Limited},
  volume = {12},
  number = {1},
  pages = {19--40},
  author = {E. M. Sparrow and W. Chuck},
  title = {{PC} {SOLUTIONS} {FOR} {HEAT} {TRANSFER} {AND} {FLUID} {FLOW} {DOWNSTREAM} {OF} {AN} {ABRUPT},  {ASYMMETRIC} {ENLARGEMENT} {IN} A {CHANNEL}},
  journal = {Numerical Heat Transfer},
}


@article{Kim1985,
  doi = {10.1016/0021-9991(85)90148-2},
  url = {https://doi.org/10.1016/0021-9991(85)90148-2},
  year = {1985},
  month = jun,
  publisher = {Elsevier {BV}},
  volume = {59},
  number = {2},
  pages = {308--323},
  author = {J Kim and P Moin},
  title = {Application of a fractional-step method to incompressible Navier-Stokes equations},
  journal = {Journal of Computational Physics},
}

@article{Hackman1984,
  doi = {10.1002/fld.1650040802},
  url = {https://doi.org/10.1002/fld.1650040802},
  year = {1984},
  month = aug,
  publisher = {Wiley},
  volume = {4},
  number = {8},
  pages = {711--724},
  author = {L. P. Hackman and G. D. Raithby and A. B. Strong},
  title = {Numerical predictions of flows over backward-facing steps},
  journal = {International Journal for Numerical Methods in Fluids},
}

@Article{MowbrayRarity1967,
  author          = "D. E. Mowbray and B. S. H. Rarity ",
  title           = "A theoretical and experimental investigation of the phase configuration of internal waves of small amplitude in a density stratified liquid",
  journal         = "J. Fluid Mech.",
  year            = "1967",
  pages =           "1--16",
}

<<<<<<< HEAD
=======
@book{holton_encyclopedia_2003,
	address = {Amsterdam ; Boston},
	title = {Encyclopedia of atmospheric sciences},
	isbn = {9780122270901},
	publisher = {Academic Press},
	editor = {Holton, James R. and Curry, Judith A. and Pyle, J. A.},
	year = {2003},
	keywords = {Atmosphere, Encyclopedias, Meteorology, Encyclopedias},
}

@article{Eckart1961,
  doi = {10.1063/1.1706408},
  url = {https://doi.org/10.1063/1.1706408},
  year = {1961},
  publisher = {{AIP} Publishing},
  volume = {4},
  number = {7},
  pages = {791},
  author = {Carl Eckart},
  title = {Internal Waves in the Ocean},
  journal = {Physics of Fluids}
}

@article{brouzet1997laboratory,
  title={Laboratory and numerical simulation of internal wave attractors and their instability.},
  author={Brouzet, Christophe and Dauxois, Thierry and Ermanyuk, Evgeny and Joubaud, Sylvain and Sibgatullin, Ilias},
  journal={Nature (London)},
  volume={388},
  pages={557},
  year={1997}
}

@article{Egbert2000,
  doi = {10.1038/35015531},
  url = {https://doi.org/10.1038/35015531},
  year = {2000},
  month = jun,
  publisher = {Springer Science and Business Media {LLC}},
  volume = {405},
  number = {6788},
  pages = {775--778},
  author = {G. D. Egbert and R. D. Ray},
  title = {Significant dissipation of tidal energy in the deep ocean inferred from satellite altimeter data},
  journal = {Nature}
}

@article{Gardner1989,
  doi = {10.1029/jc094ic12p18185},
  url = {https://doi.org/10.1029/jc094ic12p18185},
  year = {1989},
  publisher = {American Geophysical Union ({AGU})},
  volume = {94},
  number = {C12},
  pages = {18185},
  author = {Wilford D. Gardner},
  title = {Periodic resuspension in Baltimore canyon by focusing of internal waves},
  journal = {Journal of Geophysical Research}
}

@article{baines1997fractal,
  title={A fractal world of cloistered waves},
  author={Baines, Peter G},
  journal={Nature},
  volume={388},
  number={6642},
  pages={518--519},
  year={1997},
  publisher={Nature Publishing Group}
}

@article{Hazewinkel2011,
  doi = {10.1016/j.euromechflu.2010.06.007},
  url = {https://doi.org/10.1016/j.euromechflu.2010.06.007},
  year = {2011},
  month = jan,
  publisher = {Elsevier {BV}},
  volume = {30},
  number = {1},
  pages = {51--56},
  author = {Jeroen Hazewinkel and Nicolas Grisouard and Stuart B. Dalziel},
  title = {Comparison of laboratory and numerically observed scalar fields of an internal wave attractor},
  journal = {European Journal of Mechanics - B/Fluids}
}

@book{geoThermins,
  author         = {С.В.Калесник},
  title          = {Энциклопедический словарь географических терминов},
  publisher      = {Москва: Советская Энциклопедия},
  year           = {1968},
  language       = {russian}
}

@Book{saha2008the,
 author = {Saha, Kshudiram},
 title = {The Earth's atmosphere : its physics and dynamics},
 publisher = {Springer},
 year = {2008},
 address = {Berlin London},
 isbn = {9783540784272.}
 }

@book{gidrometDict,
  author         = {Хромов С.П. and Мамонтова Л.И.},
  title          = {Метеорологический словарь. 3-е изд.},
  publisher      = {Л., Гидрометеоиздат},
  year           = {1974.},
  language       = {russian}
}


@article{GarrettSc,
  author          = {Garrett C.},
  title           = {Ocean science. Enhanced: internal tides and ocean mixing.},
  journal         = {Science.},
  volume          = {301(5641)},
  number          = {1858-9},
  year            = {2003},
  month           = {Sep},
  doi             = {10.1126/science.1090002}
}

@article{Ferrari2009,
  doi = {10.1146/annurev.fluid.40.111406.102139},
  url = {https://doi.org/10.1146/annurev.fluid.40.111406.102139},
  year = {2009},
  month = jan,
  publisher = {Annual Reviews},
  volume = {41},
  number = {1},
  pages = {253--282},
  author = {Raffaele Ferrari and Carl Wunsch},
  title = {Ocean Circulation Kinetic Energy: Reservoirs,  Sources,  and Sinks},
  journal = {Annual Review of Fluid Mechanics}
}

@book{nazarenko2011wave,
  title={Wave turbulence},
  author={Nazarenko, Sergey},
  volume={825},
  year={2011},
  publisher={Springer Science \& Business Media}
}

@article{Yarom2014,
  doi = {10.1038/nphys2984},
  url = {https://doi.org/10.1038/nphys2984},
  year = {2014},
  month = jun,
  publisher = {Springer Science and Business Media {LLC}},
  volume = {10},
  number = {7},
  pages = {510--514},
  author = {Ehud Yarom and Eran Sharon},
  title = {Experimental observation of steady inertial wave turbulence in deep rotating flows},
  journal = {Nature Physics}
}

@article{Perlin2013,
  doi = {10.1146/annurev-fluid-011212-140721},
  url = {https://doi.org/10.1146/annurev-fluid-011212-140721},
  year = {2013},
  month = jan,
  publisher = {Annual Reviews},
  volume = {45},
  number = {1},
  pages = {115--145},
  author = {Marc Perlin and Wooyoung Choi and Zhigang Tian},
  title = {Breaking Waves in Deep and Intermediate Waters},
  journal = {Annual Review of Fluid Mechanics}
}

@article{Garrett2007,
  doi = {10.1146/annurev.fluid.39.050905.110227},
  url = {https://doi.org/10.1146/annurev.fluid.39.050905.110227},
  year = {2007},
  month = jan,
  publisher = {Annual Reviews},
  volume = {39},
  number = {1},
  pages = {57--87},
  author = {Chris Garrett and Eric Kunze},
  title = {Internal Tide Generation in the Deep Ocean},
  journal = {Annual Review of Fluid Mechanics}
}

@article{BHLER2007,
  doi = {10.1017/s0022112007007410},
  url = {https://doi.org/10.1017/s0022112007007410},
  year = {2007},
  month = sep,
  publisher = {Cambridge University Press ({CUP})},
  volume = {588},
  pages = {1--28},
  author = {OLIVER B\"{U}HLER and CAROLINE J. MULLER},
  title = {Instability and focusing of internal tides in the deep ocean},
  journal = {Journal of Fluid Mechanics}
}

@article{dauxois_young_1999,
  title={Near-critical reflection of internal waves},
  volume={390},
  DOI={10.1017/S0022112099005108},
  journal={Journal of Fluid Mechanics},
  publisher={Cambridge University Press},
  author={Dauxois Thierry and Young, W. R.},
  year={1999},
  pages={271–295}
}

@article{mathur_peacock_2009,
  title={Internal wave beam propagation in non-uniform stratifications},
  volume={639},
  DOI={10.1017/S0022112009991236},
  journal={Journal of Fluid Mechanics},
  publisher={Cambridge University Press},
  author={Mathur, Manikandan and Peacock, Thomas},
  year={2009},
  pages={133–152}
}

@article{MacKinnon2013,
  doi = {10.1038/501321a},
  url = {https://doi.org/10.1038/501321a},
  year = {2013},
  month = sep,
  publisher = {Springer Science and Business Media {LLC}},
  volume = {501},
  number = {7467},
  pages = {321--322},
  author = {Jennifer MacKinnon},
  title = {Mountain waves in the deep ocean},
  journal = {Nature}
}

@article{Nikurashin2013,
  doi = {10.1002/grl.50542},
  url = {https://doi.org/10.1002/grl.50542},
  year = {2013},
  month = jun,
  publisher = {American Geophysical Union ({AGU})},
  volume = {40},
  number = {12},
  pages = {3133--3137},
  author = {Maxim Nikurashin and Raffaele Ferrari},
  title = {Overturning circulation driven by breaking internal waves in the deep ocean},
  journal = {Geophysical Research Letters}
}

@article{Bourget2013,
  doi = {10.1017/jfm.2013.78},
  url = {https://doi.org/10.1017/jfm.2013.78},
  year = {2013},
  month = apr,
  publisher = {Cambridge University Press ({CUP})},
  volume = {723},
  pages = {1--20},
  author = {Baptiste Bourget and Thierry Dauxois and Sylvain Joubaud and Philippe Odier},
  title = {Experimental study of parametric subharmonic instability for internal plane waves},
  journal = {Journal of Fluid Mechanics}
}

@article{Gayen2010,
  doi = {10.1103/physrevlett.104.218502},
  url = {https://doi.org/10.1103/physrevlett.104.218502},
  year = {2010},
  month = may,
  publisher = {American Physical Society ({APS})},
  volume = {104},
  number = {21},
  author = {Bishakhdatta Gayen and Sutanu Sarkar},
  title = {Turbulence During the Generation of Internal Tide on a Critical Slope},
  journal = {Physical Review Letters}
}

@article{Lamb2014,
  doi = {10.1146/annurev-fluid-011212-140701},
  url = {https://doi.org/10.1146/annurev-fluid-011212-140701},
  year = {2014},
  month = jan,
  publisher = {Annual Reviews},
  volume = {46},
  number = {1},
  pages = {231--254},
  author = {Kevin G. Lamb},
  title = {Internal Wave Breaking and Dissipation Mechanisms on the Continental Slope/Shelf},
  journal = {Annual Review of Fluid Mechanics}
}

@article{Grtler1943,
  doi = {10.1002/zamm.19430230202},
  url = {https://doi.org/10.1002/zamm.19430230202},
  year = {1943},
  publisher = {Wiley},
  volume = {23},
  number = {2},
  pages = {65--71},
  author = {H. G\"{o}rtler},
  title = {\"{U}ber eine Schwingungserscheinung in Fl\"{u}ssigkeiten mit stabiler Dichteschichtung},
  journal = {{ZAMM} - Zeitschrift f\"{u}r Angewandte Mathematik und Mechanik}
}

@article{Mowbray1967,
  doi = {10.1017/s0022112067001867},
  url = {https://doi.org/10.1017/s0022112067001867},
  year = {1967},
  month = apr,
  publisher = {Cambridge University Press ({CUP})},
  volume = {28},
  number = {1},
  pages = {1--16},
  author = {D. E. Mowbray and B. S. H. Rarity},
  title = {A theoretical and experimental investigation of the phase configuration of internal waves of small amplitude in a density stratified liquid},
  journal = {Journal of Fluid Mechanics}
}

@inproceedings{Bordes2012InteractionsND,
  title={Interactions non-lin{\'e}aires d'ondes et tourbillons en milieu stratifi{\'e} ou tournant},
  author={G. Bordes},
  year={2012}
}

@phdthesis{bourget,
  TITLE = {{Ondes internes, de l'instabilit{\'e} au m{\'e}lange. Approche exp{\'e}rimentale}},
  AUTHOR = {Bourget, Baptiste},
  URL = {https://tel.archives-ouvertes.fr/tel-01073663},
  NUMBER = {2014ENSL0912},
  SCHOOL = {{Ecole normale sup{\'e}rieure de lyon - ENS LYON}},
  YEAR = {2014},
  MONTH = Jul,
  KEYWORDS = {Mixing ; Internal waves ; Ondes internes ; PSI ; M{\'e}lange ; LIF ; PIV},
  TYPE = {Theses},
  PDF = {https://tel.archives-ouvertes.fr/tel-01073663/file/BOURGET_Baptiste_2014_These.pdf},
  HAL_ID = {tel-01073663},
  HAL_VERSION = {v1},
}

@phdthesis{phdthesisGW,
author = {Horne, Ernesto},
year = {2015},
month = {10},
pages = {},
title = {Transport properties of internal gravity waves}
}

@article{Gostiaux2006,
  doi = {10.1007/s00348-006-0225-7},
  url = {https://doi.org/10.1007/s00348-006-0225-7},
  year = {2006},
  month = oct,
  publisher = {Springer Science and Business Media {LLC}},
  volume = {42},
  number = {1},
  pages = {123--130},
  author = {L. Gostiaux and H. Didelle and S. Mercier and T. Dauxois},
  title = {A novel internal waves generator},
  journal = {Experiments in Fluids}
}

@article{MERCIER2010,
  doi = {10.1017/s0022112010002454},
  url = {https://doi.org/10.1017/s0022112010002454},
  year = {2010},
  month = jul,
  publisher = {Cambridge University Press ({CUP})},
  volume = {657},
  pages = {308--334},
  author = {MATTHIEU J. MERCIER and DENIS MARTINAND and MANIKANDAN MATHUR and LOUIS GOSTIAUX and THOMAS PEACOCK and THIERRY DAUXOIS},
  title = {New wave generation},
  journal = {Journal of Fluid Mechanics}
}

@article{Ermanyuk2017,
  doi = {10.1017/jfm.2016.871},
  url = {https://doi.org/10.1017/jfm.2016.871},
  year = {2017},
  month = jan,
  publisher = {Cambridge University Press ({CUP})},
  volume = {813},
  pages = {695--715},
  author = {E. V. Ermanyuk and N. D. Shmakova and J.-B. Fl{\'{o}}r},
  title = {Internal wave focusing by a horizontally oscillating torus},
  journal = {Journal of Fluid Mechanics}
}

@article{Shmakova2017,
  doi = {10.1103/physrevfluids.2.114801},
  url = {https://doi.org/10.1103/physrevfluids.2.114801},
  year = {2017},
  month = nov,
  publisher = {American Physical Society ({APS})},
  volume = {2},
  number = {11},
  author = {Natalia Shmakova and Evgeny Ermanyuk and Jan-Bert Fl{\'{o}}r},
  title = {Generation of higher harmonic internal waves by oscillating spheroids},
  journal = {Physical Review Fluids}
}

@article{Shmakova2019,
  doi = {10.1017/jfm.2018.1020},
  url = {https://doi.org/10.1017/jfm.2018.1020},
  year = {2019},
  month = jan,
  publisher = {Cambridge University Press ({CUP})},
  volume = {862},
  author = {Natalia D. Shmakova and Jan-Bert Fl{\'{o}}r},
  title = {Nonlinear aspects of focusing internal waves},
  journal = {Journal of Fluid Mechanics}
}

@article{Elizarova1999,
  doi = {10.1007/bf02359229},
  url = {https://doi.org/10.1007/bf02359229},
  year = {1999},
  month = apr,
  publisher = {Springer Science and Business Media {LLC}},
  volume = {10},
  number = {2},
  pages = {160--171},
  author = {T. G. Elizarova and I. S. Kalachinskaya and A. V. Klyuchnikova and Yu. V. Sheretov},
  title = {Computation of convective flows using the quasihydrodynamic equations},
  journal = {Computational Mathematics and Modeling}
}

@book{FerzigerPeric,
  key            = {FerzigerPeric},
  author         = { Ferziger, Joel H. and Peric, Milovan},
  title          = {{C}omputational {M}ethods for {F}luid {D}ynamics},
  publisher      = {Springer},
  year           = {1996}
}

@article{ermanyuk2021bigarmonicheskie359504609,
    author = {Рязанов, Д. А. and Провидухина, М. И. and Сибгатуллин, И. Н. and Ерманюк, Е. В.},
    title = {Бигармонические аттракторы внутренних гравитационных волн},
    journal = {Механика жидкости и газа},
    year = {2021},
    number = {3},
    doi = {10.31857/S056852812103004X},
    language = {russian}
}


@misc{QGDFOam,
  title = {OpenFOAM framework for simulation of fluid flows using regularized (QGD/QHD) equations approach},
  howpublished = {\url{https://github.com/unicfdlab/QGDsolver}}
}


@misc{paraview,
  title = {Open-source, multi-platform data analysis and visualization application},
  howpublished = {\url{https://https://www.paraview.org/}}
}

@article{vortex,
    author = {Shrestha, P., Nottage, C., Yu, Y. et al.},
    doi={10.1186/s42774-020-00060-9},
    url={https://doi.org/10.1186/s42774-020-00060-9},
    title = {Stretching and shearing contamination analysis for Liutex and other vortex identification methods},
    journal = {Advances in Aerodynamics},
    year = {2021},
    number = {3(8)}
}%https://aia.springeropen.com/articles/10.1186/s42774-020-00060-9#citeas

@article{Hussain,
    author = {Jeong, J., Hussain, F.},
    doi={doi:10.1017/S0022112095000462},
    title = {On the identification of a vortex},
    journal = { Journal of Fluid Mechanics},
    year = {1995},
    volume={285},
    pages = {69--94}
}
%
%END-OF-FILE
%
